[
	{
		"rank": 1,
		"title": "명량",
		"release_date": "2014-07-30",
		"revenue": 135748398910.0,
		"audience_count": 17613682,
		"screen_count": 1587,
		"primary_country": "한국",
		"countries": "한국",
		"distributor": "(주)씨제이이엔엠"
	},
	{
		"rank": 2,
		"title": "극한직업",
		"release_date": "2019-01-23",
		"revenue": 139647979516.0,
		"audience_count": 16264944,
		"screen_count": 1978,
		"primary_country": "한국",
		"countries": "한국",
		"distributor": "(주)씨제이이엔엠"
	},
	{
		"rank": 3,
		"title": "신과함께-죄와 벌",
		"release_date": "2017-12-20",
		"revenue": 115698654137.0,
		"audience_count": 14410754,
		"screen_count": 1912,
		"primary_country": "한국",
		"countries": "한국",
		"distributor": "롯데쇼핑㈜롯데엔터테인먼트"
	},
	{
		"rank": 4,
		"title": "국제시장",
		"release_date": "2014-12-17",
		"revenue": 110913469630.0,
		"audience_count": 14257115,
		"screen_count": 966,
		"primary_country": "한국",
		"countries": "한국",
		"distributor": "(주)씨제이이엔엠"
	},
	{
		"rank": 5,
		"title": "어벤져스: 엔드게임",
		"release_date": "2019-04-24",
		"revenue": 122182694160.0,
		"audience_count": 13934592,
		"screen_count": 2835,
		"primary_country": "미국",
		"countries": "미국",
		"distributor": "월트디즈니컴퍼니코리아 유한책임회사"
	},
	{
		"rank": 6,
		"title": "겨울왕국 2",
		"release_date": "2019-11-21",
		"revenue": 114810421450.0,
		"audience_count": 13747792,
		"screen_count": 2648,
		"primary_country": "미국",
		"countries": "미국",
		"distributor": "월트디즈니컴퍼니코리아 유한책임회사"
	},
	{
		"rank": 7,
		"title": "아바타",
		"release_date": "2009-12-17",
		"revenue": 128447097523.0,
		"audience_count": 13624328,
		"screen_count": 912,
		"primary_country": "미국",
		"countries": "미국",
		"distributor": "주식회사 해리슨앤컴퍼니,이십세기폭스코리아(주)"
	},
	{
		"rank": 8,
		"title": "베테랑",
		"release_date": "2015-08-05",
		"revenue": 105168155250.0,
		"audience_count": 13414009,
		"screen_count": 1064,
		"primary_country": "한국",
		"countries": "한국",
		"distributor": "(주)씨제이이엔엠"
	},
	{
		"rank": 9,
		"title": "서울의 봄",
		"release_date": "2023-11-22",
		"revenue": 127926951712.0,
		"audience_count": 13128080,
		"screen_count": 2328,
		"primary_country": "한국",
		"countries": "한국",
		"distributor": "플러스엠 엔터테인먼트"
	},
	{
		"rank": 10,
		"title": "괴물",
		"release_date": "2006-07-27",
		"revenue": 0.0,
		"audience_count": 13019740,
		"screen_count": 167,
		"primary_country": "한국",
		"countries": "한국",
		"distributor": "(주)쇼박스"
	},
	{
		"rank": 11,
		"title": "도둑들",
		"release_date": "2012-07-25",
		"revenue": 93665568500.0,
		"audience_count": 12983330,
		"screen_count": 1072,
		"primary_country": "한국",
		"countries": "한국,홍콩",
		"distributor": "(주)쇼박스"
	},
	{
		"rank": 12,
		"title": "7번방의 선물",
		"release_date": "2013-01-23",
		"revenue": 91431914670.0,
		"audience_count": 12811206,
		"screen_count": 787,
		"primary_country": "한국",
		"countries": "한국",
		"distributor": "(주)넥스트엔터테인먼트월드(NEW)"
	},
	{
		"rank": 13,
		"title": "암살",
		"release_date": "2015-07-22",
		"revenue": 98463132781.0,
		"audience_count": 12705700,
		"screen_count": 1519,
		"primary_country": "한국",
		"countries": "한국",
		"distributor": "(주)쇼박스"
	},
	{
		"rank": 14,
		"title": "범죄도시2",
		"release_date": "2022-05-18",
		"revenue": 131295679478.0,
		"audience_count": 12693175,
		"screen_count": 2498,
		"primary_country": "한국",
		"countries": "한국",
		"distributor": "주식회사 에이비오엔터테인먼트,플러스엠 엔터테인먼트"
	},
	{
		"rank": 15,
		"title": "알라딘",
		"release_date": "2019-05-23",
		"revenue": 106983620359.0,
		"audience_count": 12555894,
		"screen_count": 1311,
		"primary_country": "미국",
		"countries": "미국",
		"distributor": "월트디즈니컴퍼니코리아 유한책임회사"
	},
	{
		"rank": 16,
		"title": "광해, 왕이 된 남자",
		"release_date": "2012-09-13",
		"revenue": 88900208769.0,
		"audience_count": 12319542,
		"screen_count": 810,
		"primary_country": "한국",
		"countries": "한국",
		"distributor": "(주)씨제이이엔엠"
	},
	{
		"rank": 17,
		"title": "왕의 남자",
		"release_date": "2005-12-29",
		"revenue": 0.0,
		"audience_count": 12302831,
		"screen_count": 94,
		"primary_country": "한국",
		"countries": "한국",
		"distributor": "(주)시네마서비스"
	},
	{
		"rank": 18,
		"title": "신과함께-인과 연",
		"release_date": "2018-08-01",
		"revenue": 102666146909.0,
		"audience_count": 12274996,
		"screen_count": 2235,
		"primary_country": "한국",
		"countries": "한국",
		"distributor": "롯데컬처웍스(주)롯데엔터테인먼트"
	},
	{
		"rank": 19,
		"title": "택시운전사",
		"release_date": "2017-08-02",
		"revenue": 95855737149.0,
		"audience_count": 12186684,
		"screen_count": 1906,
		"primary_country": "한국",
		"countries": "한국",
		"distributor": "(주)쇼박스"
	},
	{
		"rank": 20,
		"title": "파묘",
		"release_date": "2024-02-22",
		"revenue": 115148478414.0,
		"audience_count": 11913725,
		"screen_count": 2355,
		"primary_country": "한국",
		"countries": "한국",
		"distributor": "(주)쇼박스"
	},
	{
		"rank": 21,
		"title": "태극기 휘날리며",
		"release_date": "2004-02-05",
		"revenue": 0.0,
		"audience_count": 11746135,
		"screen_count": 110,
		"primary_country": "한국",
		"countries": "한국",
		"distributor": "(주)제이앤씨미디어그룹,와이드 릴리즈(주),(주)다자인소프트,(주)쇼박스"
	},
	{
		"rank": 22,
		"title": "부산행",
		"release_date": "2016-07-20",
		"revenue": 93178283048.0,
		"audience_count": 11565479,
		"screen_count": 1788,
		"primary_country": "한국",
		"countries": "한국",
		"distributor": "(주)넥스트엔터테인먼트월드(NEW)"
	},
	{
		"rank": 23,
		"title": "범죄도시4",
		"release_date": "2024-04-24",
		"revenue": 110038420734.0,
		"audience_count": 11501621,
		"screen_count": 2980,
		"primary_country": "한국",
		"countries": "한국",
		"distributor": "주식회사 에이비오엔터테인먼트,플러스엠 엔터테인먼트"
	},
	{
		"rank": 24,
		"title": "해운대",
		"release_date": "2009-07-22",
		"revenue": 81934638201.0,
		"audience_count": 11453338,
		"screen_count": 753,
		"primary_country": "한국",
		"countries": "한국",
		"distributor": "씨제이엔터테인먼트"
	},
	{
		"rank": 25,
		"title": "변호인",
		"release_date": "2013-12-18",
		"revenue": 82871759300.0,
		"audience_count": 11374610,
		"screen_count": 923,
		"primary_country": "한국",
		"countries": "한국",
		"distributor": "(주)넥스트엔터테인먼트월드(NEW)"
	},
	{
		"rank": 26,
		"title": "어벤져스: 인피니티 워",
		"release_date": "2018-04-25",
		"revenue": 99919006769.0,
		"audience_count": 11211880,
		"screen_count": 2553,
		"primary_country": "미국",
		"countries": "미국",
		"distributor": "월트디즈니컴퍼니코리아 유한책임회사"
	},
	{
		"rank": 27,
		"title": "실미도",
		"release_date": "2003-12-24",
		"revenue": 0.0,
		"audience_count": 11081000,
		"screen_count": 83,
		"primary_country": "한국",
		"countries": "한국",
		"distributor": "(주)시네마서비스"
	},
	{
		"rank": 28,
		"title": "아바타: 물의 길",
		"release_date": "2022-12-14",
		"revenue": 137647702899.0,
		"audience_count": 10805065,
		"screen_count": 2809,
		"primary_country": "미국",
		"countries": "미국",
		"distributor": "월트디즈니컴퍼니코리아 유한책임회사"
	},
	{
		"rank": 29,
		"title": "범죄도시3",
		"release_date": "2023-05-31",
		"revenue": 104687737771.0,
		"audience_count": 10682813,
		"screen_count": 2582,
		"primary_country": "한국",
		"countries": "한국",
		"distributor": "주식회사 에이비오엔터테인먼트,플러스엠 엔터테인먼트"
	},
	{
		"rank": 30,
		"title": "어벤져스: 에이지 오브 울트론",
		"release_date": "2015-04-23",
		"revenue": 88582586366.0,
		"audience_count": 10494499,
		"screen_count": 1843,
		"primary_country": "미국",
		"countries": "미국",
		"distributor": "월트디즈니컴퍼니코리아 유한책임회사,월트디즈니컴퍼니코리아(주)"
	},
	{
		"rank": 31,
		"title": "기생충",
		"release_date": "2019-05-30",
		"revenue": 87459829095.0,
		"audience_count": 10313086,
		"screen_count": 1948,
		"primary_country": "한국",
		"countries": "한국",
		"distributor": "(주)씨제이이엔엠"
	},
	{
		"rank": 32,
		"title": "겨울왕국",
		"release_date": "2014-01-16",
		"revenue": 82461504400.0,
		"audience_count": 10296101,
		"screen_count": 1010,
		"primary_country": "미국",
		"countries": "미국",
		"distributor": "월트디즈니컴퍼니코리아 유한책임회사,소니픽쳐스릴리징월트디즈니스튜디오스코리아(주)"
	},
	{
		"rank": 33,
		"title": "인터스텔라",
		"release_date": "2014-11-06",
		"revenue": 82291089200.0,
		"audience_count": 10275484,
		"screen_count": 1342,
		"primary_country": "미국",
		"countries": "미국,영국",
		"distributor": "워너브러더스 코리아(주)"
	},
	{
		"rank": 34,
		"title": "보헤미안 랩소디",
		"release_date": "2018-10-31",
		"revenue": 86280975785.0,
		"audience_count": 9948386,
		"screen_count": 936,
		"primary_country": "미국",
		"countries": "미국",
		"distributor": "월트디즈니컴퍼니코리아 유한책임회사,이십세기폭스코리아(주)"
	},
	{
		"rank": 35,
		"title": "검사외전",
		"release_date": "2016-02-03",
		"revenue": 77319445264.0,
		"audience_count": 9707158,
		"screen_count": 1812,
		"primary_country": "한국",
		"countries": "한국",
		"distributor": "(주)쇼박스"
	},
	{
		"rank": 36,
		"title": "엑시트",
		"release_date": "2019-07-31",
		"revenue": 79232212162.0,
		"audience_count": 9426051,
		"screen_count": 1660,
		"primary_country": "한국",
		"countries": "한국",
		"distributor": "(주)씨제이이엔엠"
	},
	{
		"rank": 37,
		"title": "설국열차",
		"release_date": "2013-08-01",
		"revenue": 67010077500.0,
		"audience_count": 9349991,
		"screen_count": 1128,
		"primary_country": "한국",
		"countries": "한국,체코",
		"distributor": "(주)씨제이이엔엠"
	},
	{
		"rank": 38,
		"title": "관상",
		"release_date": "2013-09-11",
		"revenue": 66005451500.0,
		"audience_count": 9134586,
		"screen_count": 1190,
		"primary_country": "한국",
		"countries": "한국",
		"distributor": "(주)쇼박스"
	},
	{
		"rank": 39,
		"title": "아이언맨 3",
		"release_date": "2013-04-25",
		"revenue": 70806191000.0,
		"audience_count": 9001309,
		"screen_count": 1381,
		"primary_country": "미국",
		"countries": "미국",
		"distributor": "소니픽쳐스릴리징월트디즈니스튜디오스코리아(주)"
	},
	{
		"rank": 40,
		"title": "인사이드 아웃 2",
		"release_date": "2024-06-12",
		"revenue": 84509284036.0,
		"audience_count": 8799013,
		"screen_count": 2619,
		"primary_country": "미국",
		"countries": "미국",
		"distributor": "월트디즈니컴퍼니코리아 유한책임회사"
	},
	{
		"rank": 41,
		"title": "캡틴 아메리카: 시빌 워",
		"release_date": "2016-04-27",
		"revenue": 72672111827.0,
		"audience_count": 8677249,
		"screen_count": 1991,
		"primary_country": "미국",
		"countries": "미국",
		"distributor": "월트디즈니컴퍼니코리아 유한책임회사,월트디즈니컴퍼니코리아(주)"
	},
	{
		"rank": 42,
		"title": "해적: 바다로 간 산적",
		"release_date": "2014-08-06",
		"revenue": 66370682706.0,
		"audience_count": 8666046,
		"screen_count": 838,
		"primary_country": "한국",
		"countries": "한국",
		"distributor": "롯데쇼핑㈜롯데엔터테인먼트"
	},
	{
		"rank": 43,
		"title": "수상한 그녀",
		"release_date": "2014-01-22",
		"revenue": 62696639249.0,
		"audience_count": 8656397,
		"screen_count": 692,
		"primary_country": "한국",
		"countries": "한국",
		"distributor": "(주)씨제이이엔엠"
	},
	{
		"rank": 44,
		"title": "국가대표",
		"release_date": "2009-07-29",
		"revenue": 60896633308.0,
		"audience_count": 8487894,
		"screen_count": 580,
		"primary_country": "한국",
		"countries": "한국",
		"distributor": "(주)쇼박스"
	},
	{
		"rank": 45,
		"title": "디워",
		"release_date": "2007-08-01",
		"revenue": 0.0,
		"audience_count": 8426973,
		"screen_count": 148,
		"primary_country": "한국",
		"countries": "한국",
		"distributor": "(주)쇼박스"
	},
	{
		"rank": 46,
		"title": "백두산",
		"release_date": "2019-12-19",
		"revenue": 69825366300.0,
		"audience_count": 8252669,
		"screen_count": 1971,
		"primary_country": "한국",
		"countries": "한국",
		"distributor": "(주)씨제이이엔엠,(주)덱스터스튜디오"
	},
	{
		"rank": 47,
		"title": "과속스캔들",
		"release_date": "2008-12-03",
		"revenue": 53940101534.0,
		"audience_count": 8245523,
		"screen_count": 405,
		"primary_country": "한국",
		"countries": "한국",
		"distributor": "롯데쇼핑㈜롯데엔터테인먼트"
	},
	{
		"rank": 48,
		"title": "탑건: 매버릭",
		"release_date": "2022-06-22",
		"revenue": 87855360975.0,
		"audience_count": 8177446,
		"screen_count": 1975,
		"primary_country": "미국",
		"countries": "미국",
		"distributor": "롯데컬처웍스(주)롯데엔터테인먼트"
	},
	{
		"rank": 49,
		"title": "스파이더맨: 파 프롬 홈",
		"release_date": "2019-07-02",
		"revenue": 69009271100.0,
		"audience_count": 8021064,
		"screen_count": 2142,
		"primary_country": "미국",
		"countries": "미국",
		"distributor": "소니픽쳐스엔터테인먼트코리아주식회사극장배급지점"
	},
	{
		"rank": 50,
		"title": "웰컴 투 동막골",
		"release_date": "2005-08-04",
		"revenue": 0.0,
		"audience_count": 8008622,
		"screen_count": 114,
		"primary_country": "한국",
		"countries": "한국",
		"distributor": "(주)쇼박스"
	},
	{
		"rank": 51,
		"title": "공조",
		"release_date": "2017-01-18",
		"revenue": 63781731326.0,
		"audience_count": 7817446,
		"screen_count": 976,
		"primary_country": "한국",
		"countries": "한국",
		"distributor": "(주)씨제이이엔엠"
	},
	{
		"rank": 52,
		"title": "트랜스포머 3",
		"release_date": "2011-06-29",
		"revenue": 74841350500.0,
		"audience_count": 7784807,
		"screen_count": 1409,
		"primary_country": "미국",
		"countries": "미국",
		"distributor": "(주)씨제이이엔엠"
	},
	{
		"rank": 53,
		"title": "히말라야",
		"release_date": "2015-12-16",
		"revenue": 60173583015.0,
		"audience_count": 7759473,
		"screen_count": 1009,
		"primary_country": "한국",
		"countries": "한국",
		"distributor": "(주)씨제이이엔엠"
	},
	{
		"rank": 54,
		"title": "미션임파서블:고스트프로토콜",
		"release_date": "2011-12-15",
		"revenue": 57795846000.0,
		"audience_count": 7575899,
		"screen_count": 1038,
		"primary_country": "미국",
		"countries": "미국",
		"distributor": "(주)씨제이이엔엠"
	},
	{
		"rank": 55,
		"title": "스파이더맨: 노 웨이 홈",
		"release_date": "2021-12-15",
		"revenue": 75193912210.0,
		"audience_count": 7551990,
		"screen_count": 2948,
		"primary_country": "미국",
		"countries": "미국",
		"distributor": "소니픽쳐스엔터테인먼트코리아주식회사극장배급지점"
	},
	{
		"rank": 56,
		"title": "베테랑2",
		"release_date": "2024-09-13",
		"revenue": 72474035814.0,
		"audience_count": 7525339,
		"screen_count": 2691,
		"primary_country": "한국",
		"countries": "한국",
		"distributor": "(주)씨제이이엔엠"
	},
	{
		"rank": 57,
		"title": "트랜스포머: 패자의 역습",
		"release_date": "2009-06-24",
		"revenue": 51478531663.0,
		"audience_count": 7505700,
		"screen_count": 1129,
		"primary_country": "미국",
		"countries": "미국",
		"distributor": "씨제이엔터테인먼트"
	},
	{
		"rank": 58,
		"title": "밀정",
		"release_date": "2016-09-07",
		"revenue": 61269783831.0,
		"audience_count": 7500420,
		"screen_count": 1444,
		"primary_country": "한국",
		"countries": "한국,미국",
		"distributor": "워너브러더스 코리아(주)"
	},
	{
		"rank": 59,
		"title": "최종병기 활",
		"release_date": "2011-08-10",
		"revenue": 55827861500.0,
		"audience_count": 7470633,
		"screen_count": 615,
		"primary_country": "한국",
		"countries": "한국",
		"distributor": "롯데쇼핑㈜롯데엔터테인먼트"
	},
	{
		"rank": 60,
		"title": "트랜스포머",
		"release_date": "2007-06-28",
		"revenue": 0.0,
		"audience_count": 7440531,
		"screen_count": 160,
		"primary_country": "미국",
		"countries": "미국",
		"distributor": "롯데컬처웍스(주)롯데엔터테인먼트,씨제이엔터테인먼트"
	},
	{
		"rank": 61,
		"title": "써니",
		"release_date": "2011-05-04",
		"revenue": 54034235100.0,
		"audience_count": 7362467,
		"screen_count": 472,
		"primary_country": "한국",
		"countries": "한국",
		"distributor": "(주)씨제이이엔엠"
	},
	{
		"rank": 62,
		"title": "화려한 휴가",
		"release_date": "2007-07-25",
		"revenue": 0.0,
		"audience_count": 7307993,
		"screen_count": 116,
		"primary_country": "한국",
		"countries": "한국",
		"distributor": "씨제이엔터테인먼트"
	},
	{
		"rank": 63,
		"title": "한산: 용의 출현",
		"release_date": "2022-07-27",
		"revenue": 73700628377.0,
		"audience_count": 7264934,
		"screen_count": 2223,
		"primary_country": "한국",
		"countries": "한국",
		"distributor": "롯데컬처웍스(주)롯데엔터테인먼트"
	},
	{
		"rank": 64,
		"title": "스파이더맨: 홈 커밍",
		"release_date": "2017-07-05",
		"revenue": 59125813820.0,
		"audience_count": 7258678,
		"screen_count": 1965,
		"primary_country": "미국",
		"countries": "미국",
		"distributor": "소니픽쳐스엔터테인먼트코리아주식회사극장배급지점"
	},
	{
		"rank": 65,
		"title": "엘리멘탈",
		"release_date": "2023-06-14",
		"revenue": 71137423066.0,
		"audience_count": 7240110,
		"screen_count": 1251,
		"primary_country": "미국",
		"countries": "미국",
		"distributor": "월트디즈니컴퍼니코리아 유한책임회사"
	},
	{
		"rank": 66,
		"title": "1987",
		"release_date": "2017-12-27",
		"revenue": 58165581145.0,
		"audience_count": 7231638,
		"screen_count": 1299,
		"primary_country": "한국",
		"countries": "한국",
		"distributor": "(주)씨제이이엔엠"
	},
	{
		"rank": 67,
		"title": "베를린",
		"release_date": "2013-01-30",
		"revenue": 52354931637.0,
		"audience_count": 7166199,
		"screen_count": 894,
		"primary_country": "한국",
		"countries": "한국,독일",
		"distributor": "(주)씨제이이엔엠"
	},
	{
		"rank": 68,
		"title": "마스터",
		"release_date": "2016-12-21",
		"revenue": 58067927865.0,
		"audience_count": 7150541,
		"screen_count": 1501,
		"primary_country": "한국",
		"countries": "한국",
		"distributor": "(주)씨제이이엔엠"
	},
	{
		"rank": 69,
		"title": "터널",
		"release_date": "2016-08-10",
		"revenue": 57529484417.0,
		"audience_count": 7120508,
		"screen_count": 1105,
		"primary_country": "한국",
		"countries": "한국",
		"distributor": "(주)쇼박스"
	},
	{
		"rank": 70,
		"title": "어벤져스",
		"release_date": "2012-04-26",
		"revenue": 59557853478.0,
		"audience_count": 7074867,
		"screen_count": 967,
		"primary_country": "미국",
		"countries": "미국",
		"distributor": "월트디즈니컴퍼니코리아 유한책임회사,한국소니픽쳐스릴리징브에나비스타영화㈜"
	},
	{
		"rank": 71,
		"title": "내부자들",
		"release_date": "2015-11-19",
		"revenue": 56598130057.0,
		"audience_count": 7072021,
		"screen_count": 1075,
		"primary_country": "한국",
		"countries": "한국",
		"distributor": "(주)쇼박스"
	},
	{
		"rank": 72,
		"title": "인천상륙작전",
		"release_date": "2016-07-27",
		"revenue": 55101410303.0,
		"audience_count": 7049643,
		"screen_count": 1049,
		"primary_country": "한국",
		"countries": "한국",
		"distributor": "(주)씨제이이엔엠"
	},
	{
		"rank": 73,
		"title": "공조2: 인터내셔날",
		"release_date": "2022-09-07",
		"revenue": 70916352586.0,
		"audience_count": 6982840,
		"screen_count": 2389,
		"primary_country": "한국",
		"countries": "한국",
		"distributor": "(주)씨제이이엔엠"
	},
	{
		"rank": 74,
		"title": "럭키",
		"release_date": "2016-10-13",
		"revenue": 56444461256.0,
		"audience_count": 6975290,
		"screen_count": 1158,
		"primary_country": "한국",
		"countries": "한국",
		"distributor": "(주)쇼박스"
	},
	{
		"rank": 75,
		"title": "은밀하게 위대하게",
		"release_date": "2013-06-05",
		"revenue": 48700887413.0,
		"audience_count": 6959083,
		"screen_count": 1341,
		"primary_country": "한국",
		"countries": "한국",
		"distributor": "(주)쇼박스"
	},
	{
		"rank": 76,
		"title": "곡성",
		"release_date": "2016-05-12",
		"revenue": 55863520382.0,
		"audience_count": 6879908,
		"screen_count": 1485,
		"primary_country": "한국",
		"countries": "한국,미국",
		"distributor": "이십세기폭스코리아(주)"
	},
	{
		"rank": 77,
		"title": "범죄도시",
		"release_date": "2017-10-03",
		"revenue": 56318014149.0,
		"audience_count": 6879841,
		"screen_count": 1315,
		"primary_country": "한국",
		"countries": "한국",
		"distributor": "플러스엠 엔터테인먼트,(주)키위미디어그룹"
	},
	{
		"rank": 78,
		"title": "타짜",
		"release_date": "2006-09-28",
		"revenue": 0.0,
		"audience_count": 6847777,
		"screen_count": 147,
		"primary_country": "한국",
		"countries": "한국",
		"distributor": "씨제이엔터테인먼트"
	},
	{
		"rank": 79,
		"title": "좋은 놈, 나쁜 놈, 이상한 놈",
		"release_date": "2008-07-17",
		"revenue": 43768628939.0,
		"audience_count": 6686912,
		"screen_count": 825,
		"primary_country": "한국",
		"countries": "한국",
		"distributor": "씨제이엔터테인먼트"
	},
	{
		"rank": 80,
		"title": "늑대소년",
		"release_date": "2012-10-31",
		"revenue": 46593107500.0,
		"audience_count": 6654837,
		"screen_count": 706,
		"primary_country": "한국",
		"countries": "한국",
		"distributor": "(주)씨제이이엔엠"
	},
	{
		"rank": 81,
		"title": "미녀는 괴로워",
		"release_date": "2006-12-14",
		"revenue": 0.0,
		"audience_count": 6619498,
		"screen_count": 93,
		"primary_country": "한국",
		"countries": "한국",
		"distributor": "(주)쇼박스"
	},
	{
		"rank": 82,
		"title": "군함도",
		"release_date": "2017-07-26",
		"revenue": 50510565168.0,
		"audience_count": 6592151,
		"screen_count": 2027,
		"primary_country": "한국",
		"countries": "한국",
		"distributor": "(주)씨제이이엔엠"
	},
	{
		"rank": 83,
		"title": "미션 임파서블: 폴아웃",
		"release_date": "2018-07-25",
		"revenue": 55888375112.0,
		"audience_count": 6584915,
		"screen_count": 1957,
		"primary_country": "미국",
		"countries": "미국",
		"distributor": "롯데컬처웍스(주)롯데엔터테인먼트"
	},
	{
		"rank": 84,
		"title": "다크 나이트 라이즈",
		"release_date": "2012-07-19",
		"revenue": 47644838000.0,
		"audience_count": 6396528,
		"screen_count": 1210,
		"primary_country": "미국",
		"countries": "미국,영국",
		"distributor": "워너브러더스 코리아(주)"
	},
	{
		"rank": 85,
		"title": "아저씨",
		"release_date": "2010-08-04",
		"revenue": 47870792359.0,
		"audience_count": 6282774,
		"screen_count": 478,
		"primary_country": "한국",
		"countries": "한국",
		"distributor": "씨제이엔터테인먼트"
	},
	{
		"rank": 86,
		"title": "사도",
		"release_date": "2015-09-16",
		"revenue": 48842902501.0,
		"audience_count": 6246849,
		"screen_count": 1210,
		"primary_country": "한국",
		"countries": "한국",
		"distributor": "(주)쇼박스"
	},
	{
		"rank": 87,
		"title": "전우치",
		"release_date": "2009-12-23",
		"revenue": 44605437017.0,
		"audience_count": 6136928,
		"screen_count": 606,
		"primary_country": "한국",
		"countries": "한국",
		"distributor": "씨제이엔터테인먼트"
	},
	{
		"rank": 88,
		"title": "킹스맨 : 시크릿 에이전트",
		"release_date": "2015-02-11",
		"revenue": 50369009795.0,
		"audience_count": 6129681,
		"screen_count": 706,
		"primary_country": "미국",
		"countries": "미국,영국",
		"distributor": "이십세기폭스코리아(주)"
	},
	{
		"rank": 89,
		"title": "미션 임파서블: 로그네이션",
		"release_date": "2015-07-30",
		"revenue": 48547353607.0,
		"audience_count": 6126488,
		"screen_count": 1202,
		"primary_country": "미국",
		"countries": "미국",
		"distributor": "롯데쇼핑㈜롯데엔터테인먼트"
	},
	{
		"rank": 90,
		"title": "투사부일체",
		"release_date": "2006-01-19",
		"revenue": 0.0,
		"audience_count": 6105431,
		"screen_count": 93,
		"primary_country": "한국",
		"countries": "한국",
		"distributor": "씨제이엔터테인먼트"
	},
	{
		"rank": 91,
		"title": "연평해전",
		"release_date": "2015-06-24",
		"revenue": 45563228330.0,
		"audience_count": 6043784,
		"screen_count": 1013,
		"primary_country": "한국",
		"countries": "한국",
		"distributor": "(주)넥스트엔터테인먼트월드(NEW)"
	},
	{
		"rank": 92,
		"title": "반지의 제왕 : 왕의 귀환",
		"release_date": "2003-12-17",
		"revenue": 0.0,
		"audience_count": 5960000,
		"screen_count": 105,
		"primary_country": "미국",
		"countries": "미국",
		"distributor": "워너브러더스 코리아(주),씨제이엔터테인먼트"
	},
	{
		"rank": 93,
		"title": "인셉션",
		"release_date": "2010-07-21",
		"revenue": 44106546302.0,
		"audience_count": 5926948,
		"screen_count": 528,
		"primary_country": "미국",
		"countries": "미국",
		"distributor": "(주)디스테이션,워너브러더스 코리아(주)"
	},
	{
		"rank": 94,
		"title": "레미제라블",
		"release_date": "2012-12-19",
		"revenue": 43044999000.0,
		"audience_count": 5911890,
		"screen_count": 696,
		"primary_country": "미국",
		"countries": "미국",
		"distributor": "유니버설픽쳐스인터내셔널 코리아(유)"
	},
	{
		"rank": 95,
		"title": "닥터 스트레인지: 대혼돈의 멀티버스",
		"release_date": "2022-05-04",
		"revenue": 62648728870.0,
		"audience_count": 5884587,
		"screen_count": 2691,
		"primary_country": "미국",
		"countries": "미국",
		"distributor": "월트디즈니컴퍼니코리아 유한책임회사"
	},
	{
		"rank": 96,
		"title": "쉬리",
		"release_date": "1999-02-13",
		"revenue": 0.0,
		"audience_count": 5820000,
		"screen_count": 0,
		"primary_country": "한국",
		"countries": "한국",
		"distributor": "(주)씨제이이엔엠"
	},
	{
		"rank": 97,
		"title": "캡틴 마블",
		"release_date": "2019-03-06",
		"revenue": 51491272223.0,
		"audience_count": 5801069,
		"screen_count": 2100,
		"primary_country": "미국",
		"countries": "미국",
		"distributor": "월트디즈니컴퍼니코리아 유한책임회사"
	},
	{
		"rank": 98,
		"title": "미션 임파서블 3",
		"release_date": "2006-05-03",
		"revenue": 0.0,
		"audience_count": 5740789,
		"screen_count": 134,
		"primary_country": "미국",
		"countries": "미국",
		"distributor": "UIP코리아"
	},
	{
		"rank": 99,
		"title": "쥬라기 월드: 폴른 킹덤",
		"release_date": "2018-06-06",
		"revenue": 49770711037.0,
		"audience_count": 5661128,
		"screen_count": 1972,
		"primary_country": "미국",
		"countries": "미국",
		"distributor": "유니버설픽쳐스인터내셔널 코리아(유)"
	},
	{
		"rank": 100,
		"title": "청년경찰",
		"release_date": "2017-08-09",
		"revenue": 44381150516.0,
		"audience_count": 5653270,
		"screen_count": 1102,
		"primary_country": "한국",
		"countries": "한국",
		"distributor": "롯데쇼핑㈜롯데엔터테인먼트"
	},
	{
		"rank": 101,
		"title": "가문의 위기",
		"release_date": "2005-09-07",
		"revenue": 0.0,
		"audience_count": 5635266,
		"screen_count": 101,
		"primary_country": "한국",
		"countries": "한국",
		"distributor": "(주)쇼박스"
	},
	{
		"rank": 102,
		"title": "숨바꼭질",
		"release_date": "2013-08-14",
		"revenue": 39602987500.0,
		"audience_count": 5604104,
		"screen_count": 779,
		"primary_country": "한국",
		"countries": "한국",
		"distributor": "(주)넥스트엔터테인먼트월드(NEW)"
	},
	{
		"rank": 103,
		"title": "덕혜옹주",
		"release_date": "2016-08-03",
		"revenue": 44393828109.0,
		"audience_count": 5599229,
		"screen_count": 964,
		"primary_country": "한국",
		"countries": "한국",
		"distributor": "롯데쇼핑㈜롯데엔터테인먼트"
	},
	{
		"rank": 104,
		"title": "더 테러 라이브",
		"release_date": "2013-07-31",
		"revenue": 39866712881.0,
		"audience_count": 5583596,
		"screen_count": 743,
		"primary_country": "한국",
		"countries": "한국",
		"distributor": "롯데쇼핑㈜롯데엔터테인먼트"
	},
	{
		"rank": 105,
		"title": "스즈메의 문단속",
		"release_date": "2023-03-08",
		"revenue": 57124585372.0,
		"audience_count": 5575926,
		"screen_count": 1486,
		"primary_country": "일본",
		"countries": "일본",
		"distributor": "(주)쇼박스"
	},
	{
		"rank": 106,
		"title": "쥬라기 월드",
		"release_date": "2015-06-11",
		"revenue": 47800698826.0,
		"audience_count": 5546792,
		"screen_count": 1290,
		"primary_country": "미국",
		"countries": "미국",
		"distributor": "유니버설픽쳐스인터내셔널 코리아(유)"
	},
	{
		"rank": 107,
		"title": "감시자들",
		"release_date": "2013-07-03",
		"revenue": 39380162179.0,
		"audience_count": 5508017,
		"screen_count": 949,
		"primary_country": "한국",
		"countries": "한국",
		"distributor": "(주)넥스트엔터테인먼트월드(NEW)"
	},
	{
		"rank": 108,
		"title": "의형제",
		"release_date": "2010-02-04",
		"revenue": 40800867602.0,
		"audience_count": 5507106,
		"screen_count": 572,
		"primary_country": "한국",
		"countries": "한국",
		"distributor": "(주)쇼박스"
	},
	{
		"rank": 109,
		"title": "2012",
		"release_date": "2009-11-12",
		"revenue": 39415166660.0,
		"audience_count": 5462953,
		"screen_count": 789,
		"primary_country": "미국",
		"countries": "미국",
		"distributor": "한국소니픽쳐스릴리징브에나비스타영화㈜"
	},
	{
		"rank": 110,
		"title": "앤트맨과 와스프",
		"release_date": "2018-07-04",
		"revenue": 47465443185.0,
		"audience_count": 5447826,
		"screen_count": 1775,
		"primary_country": "미국",
		"countries": "미국",
		"distributor": "월트디즈니컴퍼니코리아 유한책임회사"
	},
	{
		"rank": 111,
		"title": "닥터 스트레인지",
		"release_date": "2016-10-26",
		"revenue": 47482530396.0,
		"audience_count": 5446379,
		"screen_count": 1503,
		"primary_country": "미국",
		"countries": "미국",
		"distributor": "월트디즈니컴퍼니코리아(주)"
	},
	{
		"rank": 112,
		"title": "검은 사제들",
		"release_date": "2015-11-05",
		"revenue": 42407832092.0,
		"audience_count": 5442553,
		"screen_count": 1088,
		"primary_country": "한국",
		"countries": "한국",
		"distributor": "(주)씨제이이엔엠"
	},
	{
		"rank": 113,
		"title": "안시성",
		"release_date": "2018-09-19",
		"revenue": 46335334026.0,
		"audience_count": 5440186,
		"screen_count": 1540,
		"primary_country": "한국",
		"countries": "한국",
		"distributor": "(주)넥스트엔터테인먼트월드(NEW)"
	},
	{
		"rank": 114,
		"title": "블랙 팬서",
		"release_date": "2018-02-14",
		"revenue": 45883143457.0,
		"audience_count": 5398994,
		"screen_count": 1620,
		"primary_country": "미국",
		"countries": "미국",
		"distributor": "월트디즈니컴퍼니코리아 유한책임회사"
	},
	{
		"rank": 115,
		"title": "더 킹",
		"release_date": "2017-01-18",
		"revenue": 43486078535.0,
		"audience_count": 5316325,
		"screen_count": 1310,
		"primary_country": "한국",
		"countries": "한국",
		"distributor": "(주)넥스트엔터테인먼트월드(NEW)"
	},
	{
		"rank": 116,
		"title": "완득이",
		"release_date": "2011-10-20",
		"revenue": 38530503500.0,
		"audience_count": 5310510,
		"screen_count": 500,
		"primary_country": "한국",
		"countries": "한국",
		"distributor": "(주)씨제이이엔엠"
	},
	{
		"rank": 117,
		"title": "트랜스포머: 사라진 시대",
		"release_date": "2014-06-25",
		"revenue": 44012272845.0,
		"audience_count": 5295801,
		"screen_count": 1602,
		"primary_country": "미국",
		"countries": "미국",
		"distributor": "(주)씨제이이엔엠"
	},
	{
		"rank": 118,
		"title": "완벽한 타인",
		"release_date": "2018-10-31",
		"revenue": 44356752474.0,
		"audience_count": 5294119,
		"screen_count": 1313,
		"primary_country": "한국",
		"countries": "한국",
		"distributor": "롯데컬처웍스(주)롯데엔터테인먼트"
	},
	{
		"rank": 119,
		"title": "살인의 추억",
		"release_date": "2003-04-25",
		"revenue": 0,
		"audience_count": 5255376,
		"screen_count": 54,
		"primary_country": "한국",
		"countries": "한국",
		"distributor": "씨제이엔터테인먼트"
	},
	{
		"rank": 120,
		"title": "조커",
		"release_date": "2019-10-02",
		"revenue": 45443092130.0,
		"audience_count": 5255308,
		"screen_count": 1418,
		"primary_country": "미국",
		"countries": "미국",
		"distributor": "워너브러더스 코리아(주)"
	},
	{
		"rank": 121,
		"title": "월드 워 Z",
		"release_date": "2013-06-20",
		"revenue": 38555357000.0,
		"audience_count": 5237525,
		"screen_count": 964,
		"primary_country": "미국",
		"countries": "미국",
		"distributor": "롯데쇼핑㈜롯데엔터테인먼트"
	},
	{
		"rank": 122,
		"title": "반지의 제왕 : 두 개의 탑",
		"release_date": "2002-12-19",
		"revenue": 0.0,
		"audience_count": 5183000,
		"screen_count": 79,
		"primary_country": "미국",
		"countries": "미국",
		"distributor": "워너브러더스 코리아(주),(주)시네마서비스"
	},
	{
		"rank": 123,
		"title": "타워",
		"release_date": "2012-12-25",
		"revenue": 37654858000.0,
		"audience_count": 5181014,
		"screen_count": 617,
		"primary_country": "한국",
		"countries": "한국",
		"distributor": "(주)씨제이이엔엠"
	},
	{
		"rank": 124,
		"title": "말아톤",
		"release_date": "2005-01-27",
		"revenue": 0.0,
		"audience_count": 5148022,
		"screen_count": 73,
		"primary_country": "한국",
		"countries": "한국",
		"distributor": "(주)쇼박스"
	},
	{
		"rank": 125,
		"title": "밀수",
		"release_date": "2023-07-26",
		"revenue": 49685009003.0,
		"audience_count": 5143219,
		"screen_count": 1932,
		"primary_country": "한국",
		"countries": "한국",
		"distributor": "(주)넥스트엔터테인먼트월드(NEW)"
	},
	{
		"rank": 126,
		"title": "미녀와 야수",
		"release_date": "2017-03-16",
		"revenue": 42132589579.0,
		"audience_count": 5138193,
		"screen_count": 1627,
		"primary_country": "미국",
		"countries": "미국",
		"distributor": "월트디즈니컴퍼니코리아 유한책임회사"
	},
	{
		"rank": 127,
		"title": "추격자",
		"release_date": "2008-02-14",
		"revenue": 33943278500.0,
		"audience_count": 5071619,
		"screen_count": 435,
		"primary_country": "한국",
		"countries": "한국",
		"distributor": "(주)쇼박스"
	},
	{
		"rank": 128,
		"title": "독전",
		"release_date": "2018-05-22",
		"revenue": 43484892913.0,
		"audience_count": 5063620,
		"screen_count": 1357,
		"primary_country": "한국",
		"countries": "한국",
		"distributor": "(주)넥스트엔터테인먼트월드(NEW)"
	},
	{
		"rank": 129,
		"title": "쿵푸팬더 2",
		"release_date": "2011-05-26",
		"revenue": 44298724500.0,
		"audience_count": 5062722,
		"screen_count": 948,
		"primary_country": "미국",
		"countries": "미국",
		"distributor": "(주)씨제이이엔엠"
	},
	{
		"rank": 130,
		"title": "아쿠아맨",
		"release_date": "2018-12-19",
		"revenue": 44113456704.0,
		"audience_count": 5038134,
		"screen_count": 1285,
		"primary_country": "미국",
		"countries": "미국,호주",
		"distributor": "워너브러더스 코리아(주)"
	},
	{
		"rank": 131,
		"title": "공작",
		"release_date": "2018-08-08",
		"revenue": 42788691176.0,
		"audience_count": 4974512,
		"screen_count": 1317,
		"primary_country": "한국",
		"countries": "한국",
		"distributor": "(주)씨제이이엔엠"
	},
	{
		"rank": 132,
		"title": "인사이드 아웃",
		"release_date": "2015-07-09",
		"revenue": 38024694936.0,
		"audience_count": 4969735,
		"screen_count": 777,
		"primary_country": "미국",
		"countries": "미국",
		"distributor": "월트디즈니컴퍼니코리아(주)"
	},
	{
		"rank": 133,
		"title": "캐리비안의 해적: 세상의 끝에서",
		"release_date": "2007-05-23",
		"revenue": 0.0,
		"audience_count": 4966571,
		"screen_count": 244,
		"primary_country": "미국",
		"countries": "미국",
		"distributor": "한국소니픽쳐스릴리징브에나비스타영화㈜"
	},
	{
		"rank": 134,
		"title": "킹스맨: 골든 서클",
		"release_date": "2017-09-27",
		"revenue": 40987484736.0,
		"audience_count": 4945484,
		"screen_count": 1687,
		"primary_country": "미국",
		"countries": "미국,영국",
		"distributor": "이십세기폭스코리아(주)"
	},
	{
		"rank": 135,
		"title": "동갑내기 과외하기",
		"release_date": "2003-02-07",
		"revenue": 0,
		"audience_count": 4937573,
		"screen_count": 54,
		"primary_country": "한국",
		"countries": "한국",
		"distributor": "씨제이엔터테인먼트"
	},
	{
		"rank": 136,
		"title": "스파이더맨 3",
		"release_date": "2007-05-01",
		"revenue": 0.0,
		"audience_count": 4935660,
		"screen_count": 198,
		"primary_country": "미국",
		"countries": "미국",
		"distributor": "한국소니픽쳐스릴리징브에나비스타영화㈜"
	},
	{
		"rank": 137,
		"title": "바람과 함께 사라지다",
		"release_date": "2012-08-08",
		"revenue": 34614661161.0,
		"audience_count": 4909937,
		"screen_count": 694,
		"primary_country": "한국",
		"countries": "한국",
		"distributor": "(주)넥스트엔터테인먼트월드(NEW)"
	},
	{
		"rank": 138,
		"title": "더 퍼스트 슬램덩크",
		"release_date": "2023-01-04",
		"revenue": 51307749605.0,
		"audience_count": 4903225,
		"screen_count": 1023,
		"primary_country": "일본",
		"countries": "일본",
		"distributor": "(주)넥스트엔터테인먼트월드(NEW)"
	},
	{
		"rank": 139,
		"title": "마션",
		"release_date": "2015-10-08",
		"revenue": 39663145295.0,
		"audience_count": 4880800,
		"screen_count": 1132,
		"primary_country": "미국",
		"countries": "미국",
		"distributor": "월트디즈니컴퍼니코리아 유한책임회사,이십세기폭스코리아(주)"
	},
	{
		"rank": 140,
		"title": "토르: 라그나로크",
		"release_date": "2017-10-25",
		"revenue": 39248432595.0,
		"audience_count": 4857152,
		"screen_count": 1640,
		"primary_country": "미국",
		"countries": "미국",
		"distributor": "월트디즈니컴퍼니코리아 유한책임회사"
	},
	{
		"rank": 141,
		"title": "어메이징 스파이더맨",
		"release_date": "2012-06-28",
		"revenue": 41163951235.0,
		"audience_count": 4853123,
		"screen_count": 1118,
		"primary_country": "미국",
		"countries": "미국",
		"distributor": "한국소니픽쳐스릴리징브에나비스타영화㈜"
	},
	{
		"rank": 142,
		"title": "하얼빈",
		"release_date": "2024-12-24",
		"revenue": 46140428600.0,
		"audience_count": 4823829,
		"screen_count": 2125,
		"primary_country": "한국",
		"countries": "한국",
		"distributor": "(주)씨제이이엔엠"
	},
	{
		"rank": 143,
		"title": "님아, 그 강을 건너지 마오",
		"release_date": "2014-11-27",
		"revenue": 37355277679.0,
		"audience_count": 4801527,
		"screen_count": 206,
		"primary_country": "한국",
		"countries": "한국",
		"distributor": "CGV아트하우스,(주)대명문화공장"
	},
	{
		"rank": 144,
		"title": "봉오동 전투",
		"release_date": "2019-08-07",
		"revenue": 40588648538.0,
		"audience_count": 4787538,
		"screen_count": 1476,
		"primary_country": "한국",
		"countries": "한국",
		"distributor": "(주)쇼박스"
	},
	{
		"rank": 145,
		"title": "조선명탐정 : 각시투구꽃의 비밀",
		"release_date": "2011-01-27",
		"revenue": 35841769500.0,
		"audience_count": 4786259,
		"screen_count": 611,
		"primary_country": "한국",
		"countries": "한국",
		"distributor": "(주)쇼박스"
	},
	{
		"rank": 146,
		"title": "군도: 민란의 시대",
		"release_date": "2014-07-23",
		"revenue": 36987755999.0,
		"audience_count": 4774895,
		"screen_count": 1394,
		"primary_country": "한국",
		"countries": "한국",
		"distributor": "(주)쇼박스"
	},
	{
		"rank": 147,
		"title": "남산의 부장들",
		"release_date": "2020-01-22",
		"revenue": 41223596650.0,
		"audience_count": 4750104,
		"screen_count": 1659,
		"primary_country": "한국",
		"countries": "한국",
		"distributor": "(주)쇼박스"
	},
	{
		"rank": 148,
		"title": "라이온 킹",
		"release_date": "2019-07-17",
		"revenue": 41518977430.0,
		"audience_count": 4743184,
		"screen_count": 1936,
		"primary_country": "미국",
		"countries": "미국",
		"distributor": "월트디즈니컴퍼니코리아 유한책임회사"
	},
	{
		"rank": 149,
		"title": "범죄와의 전쟁: 나쁜놈들 전성시대",
		"release_date": "2012-02-02",
		"revenue": 36538823500.0,
		"audience_count": 4719872,
		"screen_count": 699,
		"primary_country": "한국",
		"countries": "한국",
		"distributor": "(주)쇼박스"
	},
	{
		"rank": 150,
		"title": "파일럿",
		"release_date": "2024-07-31",
		"revenue": 43204079201.0,
		"audience_count": 4718036,
		"screen_count": 1956,
		"primary_country": "한국",
		"countries": "한국",
		"distributor": "롯데컬처웍스(주)롯데엔터테인먼트"
	},
	{
		"rank": 151,
		"title": "주토피아",
		"release_date": "2016-02-17",
		"revenue": 37077444042.0,
		"audience_count": 4703245,
		"screen_count": 661,
		"primary_country": "미국",
		"countries": "미국",
		"distributor": "월트디즈니컴퍼니코리아(주)"
	},
	{
		"rank": 152,
		"title": "엣지 오브 투모로우",
		"release_date": "2014-06-04",
		"revenue": 38731398201.0,
		"audience_count": 4699208,
		"screen_count": 801,
		"primary_country": "미국",
		"countries": "미국",
		"distributor": "워너브러더스 코리아(주)"
	},
	{
		"rank": 153,
		"title": "신세계",
		"release_date": "2013-02-21",
		"revenue": 34881330905.0,
		"audience_count": 4682492,
		"screen_count": 671,
		"primary_country": "한국",
		"countries": "한국",
		"distributor": "(주)넥스트엔터테인먼트월드(NEW)"
	},
	{
		"rank": 154,
		"title": "쿵푸 팬더",
		"release_date": "2008-06-05",
		"revenue": 30000965000.0,
		"audience_count": 4673009,
		"screen_count": 351,
		"primary_country": "미국",
		"countries": "미국",
		"distributor": "씨제이엔터테인먼트"
	},
	{
		"rank": 155,
		"title": "신비한 동물사전",
		"release_date": "2016-11-16",
		"revenue": 39337263058.0,
		"audience_count": 4666993,
		"screen_count": 1431,
		"primary_country": "미국",
		"countries": "미국,영국",
		"distributor": "워너브러더스 코리아(주)"
	},
	{
		"rank": 156,
		"title": "도가니",
		"release_date": "2011-09-22",
		"revenue": 35566854800.0,
		"audience_count": 4662822,
		"screen_count": 644,
		"primary_country": "한국",
		"countries": "한국",
		"distributor": "(주)씨제이이엔엠"
	},
	{
		"rank": 157,
		"title": "캐리비안의 해적 : 망자의 함",
		"release_date": "2006-07-06",
		"revenue": 0.0,
		"audience_count": 4628903,
		"screen_count": 129,
		"primary_country": "미국",
		"countries": "미국",
		"distributor": "브에나비스타인터내셔널코리아"
	},
	{
		"rank": 158,
		"title": "박물관이 살아있다!",
		"release_date": "2006-12-21",
		"revenue": 0.0,
		"audience_count": 4612831,
		"screen_count": 86,
		"primary_country": "미국",
		"countries": "미국",
		"distributor": "이십세기폭스코리아(주)"
	},
	{
		"rank": 159,
		"title": "내 아내의 모든 것",
		"release_date": "2012-05-17",
		"revenue": 34222160500.0,
		"audience_count": 4598583,
		"screen_count": 563,
		"primary_country": "한국",
		"countries": "한국",
		"distributor": "(주)넥스트엔터테인먼트월드(NEW)"
	},
	{
		"rank": 160,
		"title": "판도라",
		"release_date": "2016-12-07",
		"revenue": 36064461064.0,
		"audience_count": 4583645,
		"screen_count": 1166,
		"primary_country": "한국",
		"countries": "한국",
		"distributor": "(주)넥스트엔터테인먼트월드(NEW)"
	},
	{
		"rank": 161,
		"title": "나쁜 녀석들: 더 무비",
		"release_date": "2019-09-11",
		"revenue": 39560195124.0,
		"audience_count": 4573902,
		"screen_count": 1511,
		"primary_country": "한국",
		"countries": "한국",
		"distributor": "(주)씨제이이엔엠"
	},
	{
		"rank": 162,
		"title": "노량: 죽음의 바다",
		"release_date": "2023-12-20",
		"revenue": 45008253375.0,
		"audience_count": 4573398,
		"screen_count": 2196,
		"primary_country": "한국",
		"countries": "한국",
		"distributor": "롯데컬처웍스(주)롯데엔터테인먼트,(주)에이스메이커무비웍스"
	},
	{
		"rank": 163,
		"title": "터미네이터 : 미래전쟁의 시작",
		"release_date": "2009-05-21",
		"revenue": 30146162133.0,
		"audience_count": 4568891,
		"screen_count": 704,
		"primary_country": "미국",
		"countries": "미국",
		"distributor": "롯데쇼핑㈜롯데엔터테인먼트"
	},
	{
		"rank": 164,
		"title": "맘마미아!",
		"release_date": "2008-09-03",
		"revenue": 29570784560.0,
		"audience_count": 4554785,
		"screen_count": 457,
		"primary_country": "미국",
		"countries": "미국",
		"distributor": "유니버설픽쳐스인터내셔널 코리아(유)"
	},
	{
		"rank": 165,
		"title": "연가시",
		"release_date": "2012-07-05",
		"revenue": 32175400664.0,
		"audience_count": 4515833,
		"screen_count": 759,
		"primary_country": "한국",
		"countries": "한국",
		"distributor": "(주)씨제이이엔엠"
	},
	{
		"rank": 166,
		"title": "아이언맨 2",
		"release_date": "2010-04-29",
		"revenue": 33161943100.0,
		"audience_count": 4498335,
		"screen_count": 757,
		"primary_country": "미국",
		"countries": "미국",
		"distributor": "씨제이엔터테인먼트"
	},
	{
		"rank": 167,
		"title": "강철비",
		"release_date": "2017-12-14",
		"revenue": 35489576466.0,
		"audience_count": 4452740,
		"screen_count": 1426,
		"primary_country": "한국",
		"countries": "한국",
		"distributor": "(주)넥스트엔터테인먼트월드(NEW)"
	},
	{
		"rank": 168,
		"title": "해리 포터와 죽음의 성물2",
		"release_date": "2011-07-13",
		"revenue": 34507819000.0,
		"audience_count": 4400298,
		"screen_count": 757,
		"primary_country": "미국",
		"countries": "미국",
		"distributor": "워너브러더스 코리아(주)"
	},
	{
		"rank": 169,
		"title": "다만 악에서 구하소서",
		"release_date": "2020-08-05",
		"revenue": 38602260990.0,
		"audience_count": 4357803,
		"screen_count": 1998,
		"primary_country": "한국",
		"countries": "한국",
		"distributor": "(주)씨제이이엔엠"
	},
	{
		"rank": 170,
		"title": "헌트",
		"release_date": "2022-08-10",
		"revenue": 44600858153.0,
		"audience_count": 4352390,
		"screen_count": 1625,
		"primary_country": "한국",
		"countries": "한국",
		"distributor": "플러스엠 엔터테인먼트"
	},
	{
		"rank": 171,
		"title": "아이언맨",
		"release_date": "2008-04-30",
		"revenue": 27802744668.0,
		"audience_count": 4316003,
		"screen_count": 592,
		"primary_country": "미국",
		"countries": "미국",
		"distributor": "씨제이엔터테인먼트"
	},
	{
		"rank": 172,
		"title": "엑스맨: 데이즈 오브 퓨처 패스트",
		"release_date": "2014-05-22",
		"revenue": 34654558766.0,
		"audience_count": 4313871,
		"screen_count": 1056,
		"primary_country": "미국",
		"countries": "미국",
		"distributor": "이십세기폭스코리아(주)"
	},
	{
		"rank": 173,
		"title": "강철중: 공공의 적 1-1",
		"release_date": "2008-06-19",
		"revenue": 28465757767.0,
		"audience_count": 4300670,
		"screen_count": 659,
		"primary_country": "한국",
		"countries": "한국",
		"distributor": "씨제이엔터테인먼트,(주)시네마서비스"
	},
	{
		"rank": 174,
		"title": "아가씨",
		"release_date": "2016-06-01",
		"revenue": 35211229991.0,
		"audience_count": 4287839,
		"screen_count": 1171,
		"primary_country": "한국",
		"countries": "한국",
		"distributor": "(주)씨제이이엔엠"
	},
	{
		"rank": 175,
		"title": "킹콩",
		"release_date": "2005-12-14",
		"revenue": 0.0,
		"audience_count": 4232430,
		"screen_count": 89,
		"primary_country": "미국",
		"countries": "미국",
		"distributor": "UIP코리아"
	},
	{
		"rank": 176,
		"title": "가디언즈 오브 갤럭시: Volume 3",
		"release_date": "2023-05-03",
		"revenue": 44355754061.0,
		"audience_count": 4208993,
		"screen_count": 1819,
		"primary_country": "미국",
		"countries": "미국",
		"distributor": "월트디즈니컴퍼니코리아 유한책임회사"
	},
	{
		"rank": 177,
		"title": "어메이징 스파이더맨 2",
		"release_date": "2014-04-23",
		"revenue": 34869056800.0,
		"audience_count": 4168350,
		"screen_count": 1312,
		"primary_country": "미국",
		"countries": "미국",
		"distributor": "소니픽쳐스릴리징월트디즈니스튜디오스코리아(주)"
	},
	{
		"rank": 178,
		"title": "인디아나 존스 4 : 크리스탈 해골의 왕국",
		"release_date": "2008-05-22",
		"revenue": 26693951667.0,
		"audience_count": 4136101,
		"screen_count": 660,
		"primary_country": "미국",
		"countries": "미국",
		"distributor": "씨제이엔터테인먼트"
	},
	{
		"rank": 179,
		"title": "용의자",
		"release_date": "2013-12-24",
		"revenue": 30037161000.0,
		"audience_count": 4131248,
		"screen_count": 807,
		"primary_country": "한국",
		"countries": "한국",
		"distributor": "(주)쇼박스"
	},
	{
		"rank": 180,
		"title": "건축학개론",
		"release_date": "2012-03-22",
		"revenue": 30219800500.0,
		"audience_count": 4110645,
		"screen_count": 593,
		"primary_country": "한국",
		"countries": "한국",
		"distributor": "롯데쇼핑㈜롯데엔터테인먼트"
	},
	{
		"rank": 181,
		"title": "태풍",
		"release_date": "2005-12-14",
		"revenue": 0.0,
		"audience_count": 4094395,
		"screen_count": 115,
		"primary_country": "한국",
		"countries": "한국",
		"distributor": "씨제이엔터테인먼트"
	},
	{
		"rank": 182,
		"title": "미이라 3:황제의 무덤",
		"release_date": "2008-07-30",
		"revenue": 26222207084.0,
		"audience_count": 4090795,
		"screen_count": 527,
		"primary_country": "미국",
		"countries": "미국",
		"distributor": "유니버설픽쳐스인터내셔널 코리아(유)"
	},
	{
		"rank": 183,
		"title": "7급 공무원",
		"release_date": "2009-04-22",
		"revenue": 26701311856.0,
		"audience_count": 4088799,
		"screen_count": 475,
		"primary_country": "한국",
		"countries": "한국",
		"distributor": "롯데쇼핑㈜롯데엔터테인먼트"
	},
	{
		"rank": 184,
		"title": "다크 나이트",
		"release_date": "2008-08-06",
		"revenue": 27059471306.0,
		"audience_count": 4087355,
		"screen_count": 462,
		"primary_country": "미국",
		"countries": "미국",
		"distributor": "주식회사 해리슨앤컴퍼니,워너브러더스 코리아(주)"
	},
	{
		"rank": 185,
		"title": "색즉시공",
		"release_date": "2002-12-11",
		"revenue": 0.0,
		"audience_count": 4082797,
		"screen_count": 41,
		"primary_country": "한국",
		"countries": "한국",
		"distributor": "(주)쇼박스"
	},
	{
		"rank": 186,
		"title": "댄싱퀸",
		"release_date": "2012-01-18",
		"revenue": 30129259500.0,
		"audience_count": 4057546,
		"screen_count": 534,
		"primary_country": "한국",
		"countries": "한국",
		"distributor": "(주)씨제이이엔엠"
	},
	{
		"rank": 187,
		"title": "우리 생애 최고의 순간",
		"release_date": "2008-01-10",
		"revenue": 26151780425.0,
		"audience_count": 4044582,
		"screen_count": 418,
		"primary_country": "한국",
		"countries": "한국",
		"distributor": "(주)싸이더스"
	},
	{
		"rank": 188,
		"title": "미션 임파서블: 데드 레코닝 PART ONE",
		"release_date": "2023-07-12",
		"revenue": 40426400113.0,
		"audience_count": 4021778,
		"screen_count": 2437,
		"primary_country": "미국",
		"countries": "미국",
		"distributor": "롯데컬처웍스(주)롯데엔터테인먼트"
	},
	{
		"rank": 189,
		"title": "꾼",
		"release_date": "2017-11-22",
		"revenue": 31313568795.0,
		"audience_count": 4018341,
		"screen_count": 1314,
		"primary_country": "한국",
		"countries": "한국",
		"distributor": "(주)쇼박스"
	},
	{
		"rank": 190,
		"title": "타짜-신의 손",
		"release_date": "2014-09-03",
		"revenue": 32373120927.0,
		"audience_count": 4015361,
		"screen_count": 890,
		"primary_country": "한국",
		"countries": "한국",
		"distributor": "롯데쇼핑㈜롯데엔터테인먼트,(주)싸이더스"
	},
	{
		"rank": 191,
		"title": "혹성탈출: 반격의 서막",
		"release_date": "2014-07-10",
		"revenue": 31514053095.0,
		"audience_count": 4002560,
		"screen_count": 922,
		"primary_country": "미국",
		"countries": "미국",
		"distributor": "이십세기폭스코리아(주)"
	},
	{
		"rank": 192,
		"title": "해리포터와 비밀의 방",
		"release_date": "2002-12-13",
		"revenue": 0.0,
		"audience_count": 4000000,
		"screen_count": 89,
		"primary_country": "미국",
		"countries": "미국",
		"distributor": "워너브러더스 코리아(주)"
	},
	{
		"rank": 193,
		"title": "쿵푸팬더3",
		"release_date": "2016-01-28",
		"revenue": 31340798156.0,
		"audience_count": 3984812,
		"screen_count": 1365,
		"primary_country": "미국",
		"countries": "미국",
		"distributor": "(주)씨제이이엔엠"
	},
	{
		"rank": 194,
		"title": "캡틴 아메리카: 윈터 솔져",
		"release_date": "2014-03-26",
		"revenue": 31710585385.0,
		"audience_count": 3963220,
		"screen_count": 1106,
		"primary_country": "미국",
		"countries": "미국",
		"distributor": "월트디즈니컴퍼니코리아 유한책임회사,소니픽쳐스릴리징월트디즈니스튜디오스코리아(주)"
	},
	{
		"rank": 195,
		"title": "공공의 적 2",
		"release_date": "2005-01-27",
		"revenue": 0.0,
		"audience_count": 3911356,
		"screen_count": 95,
		"primary_country": "한국",
		"countries": "한국",
		"distributor": "(주)시네마서비스"
	},
	{
		"rank": 196,
		"title": "박수건달",
		"release_date": "2013-01-09",
		"revenue": 28379548569.0,
		"audience_count": 3897969,
		"screen_count": 599,
		"primary_country": "한국",
		"countries": "한국",
		"distributor": "(주)쇼박스"
	},
	{
		"rank": 197,
		"title": "베놈",
		"release_date": "2018-10-03",
		"revenue": 34100211207.0,
		"audience_count": 3888096,
		"screen_count": 1308,
		"primary_country": "미국",
		"countries": "미국",
		"distributor": "소니픽쳐스엔터테인먼트코리아주식회사극장배급지점"
	},
	{
		"rank": 198,
		"title": "한반도",
		"release_date": "2006-07-13",
		"revenue": 0.0,
		"audience_count": 3880308,
		"screen_count": 126,
		"primary_country": "한국",
		"countries": "한국",
		"distributor": "씨제이엔터테인먼트"
	},
	{
		"rank": 199,
		"title": "조선명탐정 : 사라진 놉의 딸",
		"release_date": "2015-02-11",
		"revenue": 30456879428.0,
		"audience_count": 3872015,
		"screen_count": 811,
		"primary_country": "한국",
		"countries": "한국",
		"distributor": "(주)쇼박스"
	},
	{
		"rank": 200,
		"title": "소방관",
		"release_date": "2024-12-04",
		"revenue": 36246329070.0,
		"audience_count": 3851021,
		"screen_count": 1414,
		"primary_country": "한국",
		"countries": "한국",
		"distributor": "(주)바이포엠스튜디오"
	},
	{
		"rank": 201,
		"title": "트로이",
		"release_date": "2004-05-21",
		"revenue": 0.0,
		"audience_count": 3851000,
		"screen_count": 90,
		"primary_country": "미국",
		"countries": "미국",
		"distributor": "워너브러더스 코리아(주)"
	},
	{
		"rank": 202,
		"title": "역린",
		"release_date": "2014-04-30",
		"revenue": 29893297890.0,
		"audience_count": 3849433,
		"screen_count": 1054,
		"primary_country": "한국",
		"countries": "한국",
		"distributor": "롯데쇼핑㈜롯데엔터테인먼트"
	},
	{
		"rank": 203,
		"title": "콘크리트 유토피아",
		"release_date": "2023-08-09",
		"revenue": 37412802232.0,
		"audience_count": 3849242,
		"screen_count": 1731,
		"primary_country": "한국",
		"countries": "한국",
		"distributor": "롯데컬처웍스(주)롯데엔터테인먼트"
	},
	{
		"rank": 204,
		"title": "남한산성",
		"release_date": "2017-10-03",
		"revenue": 31225083792.0,
		"audience_count": 3849087,
		"screen_count": 1229,
		"primary_country": "한국",
		"countries": "한국",
		"distributor": "(주)씨제이이엔엠"
	},
	{
		"rank": 205,
		"title": "매드 맥스: 분노의 도로",
		"release_date": "2015-05-14",
		"revenue": 32906364462.0,
		"audience_count": 3842441,
		"screen_count": 799,
		"primary_country": "미국",
		"countries": "미국,호주",
		"distributor": "워너브러더스 코리아(주)"
	},
	{
		"rank": 206,
		"title": "반도",
		"release_date": "2020-07-15",
		"revenue": 33072531280.0,
		"audience_count": 3812250,
		"screen_count": 2575,
		"primary_country": "한국",
		"countries": "한국",
		"distributor": "(주)넥스트엔터테인먼트월드(NEW)"
	},
	{
		"rank": 207,
		"title": "암수살인",
		"release_date": "2018-10-03",
		"revenue": 32995138548.0,
		"audience_count": 3789321,
		"screen_count": 1177,
		"primary_country": "한국",
		"countries": "한국",
		"distributor": "(주)쇼박스"
	},
	{
		"rank": 208,
		"title": "데드풀 2",
		"release_date": "2018-05-16",
		"revenue": 34185664639.0,
		"audience_count": 3784602,
		"screen_count": 1576,
		"primary_country": "미국",
		"countries": "미국",
		"distributor": "이십세기폭스코리아(주)"
	},
	{
		"rank": 209,
		"title": "쌍화점",
		"release_date": "2008-12-30",
		"revenue": 25616489949.0,
		"audience_count": 3779553,
		"screen_count": 499,
		"primary_country": "한국",
		"countries": "한국",
		"distributor": "(주)쇼박스"
	},
	{
		"rank": 210,
		"title": "국가부도의 날",
		"release_date": "2018-11-28",
		"revenue": 30891765837.0,
		"audience_count": 3754983,
		"screen_count": 1180,
		"primary_country": "한국",
		"countries": "한국",
		"distributor": "(주)씨제이이엔엠"
	},
	{
		"rank": 211,
		"title": "신기전",
		"release_date": "2008-09-04",
		"revenue": 24314570667.0,
		"audience_count": 3726134,
		"screen_count": 585,
		"primary_country": "한국",
		"countries": "한국",
		"distributor": "씨제이엔터테인먼트"
	},
	{
		"rank": 212,
		"title": "미이라",
		"release_date": "2017-06-06",
		"revenue": 30504689978.0,
		"audience_count": 3689325,
		"screen_count": 1257,
		"primary_country": "미국",
		"countries": "미국",
		"distributor": "유니버설픽쳐스인터내셔널 코리아(유)"
	},
	{
		"rank": 213,
		"title": "82년생 김지영",
		"release_date": "2019-10-23",
		"revenue": 30305744310.0,
		"audience_count": 3679019,
		"screen_count": 1486,
		"primary_country": "한국",
		"countries": "한국",
		"distributor": "롯데컬처웍스(주)롯데엔터테인먼트"
	},
	{
		"rank": 214,
		"title": "너의 이름은.",
		"release_date": "2017-01-04",
		"revenue": 29564054156.0,
		"audience_count": 3673885,
		"screen_count": 947,
		"primary_country": "일본",
		"countries": "일본",
		"distributor": "플러스엠 엔터테인먼트"
	},
	{
		"rank": 215,
		"title": "분노의 질주: 홉스&쇼",
		"release_date": "2019-08-14",
		"revenue": 32241767793.0,
		"audience_count": 3657536,
		"screen_count": 1311,
		"primary_country": "미국",
		"countries": "미국",
		"distributor": "유니버설픽쳐스인터내셔널 코리아(유)"
	},
	{
		"rank": 216,
		"title": "분노의 질주: 더 익스트림",
		"release_date": "2017-04-12",
		"revenue": 29981156348.0,
		"audience_count": 3653238,
		"screen_count": 1469,
		"primary_country": "미국",
		"countries": "미국,일본,프랑스,캐나다",
		"distributor": "유니버설픽쳐스인터내셔널 코리아(유)"
	},
	{
		"rank": 217,
		"title": "친절한 금자씨",
		"release_date": "2005-07-29",
		"revenue": 0.0,
		"audience_count": 3650000,
		"screen_count": 127,
		"primary_country": "한국",
		"countries": "한국",
		"distributor": "씨제이엔터테인먼트"
	},
	{
		"rank": 218,
		"title": "해리 포터와 불의 잔",
		"release_date": "2005-12-01",
		"revenue": 0.0,
		"audience_count": 3615000,
		"screen_count": 125,
		"primary_country": "미국",
		"countries": "미국",
		"distributor": "워너브러더스 코리아(주)"
	},
	{
		"rank": 219,
		"title": "모가디슈",
		"release_date": "2021-07-28",
		"revenue": 34558297730.0,
		"audience_count": 3613984,
		"screen_count": 1688,
		"primary_country": "한국",
		"countries": "한국",
		"distributor": "롯데컬처웍스(주)롯데엔터테인먼트"
	},
	{
		"rank": 220,
		"title": "인턴",
		"release_date": "2015-09-24",
		"revenue": 28518443148.0,
		"audience_count": 3610642,
		"screen_count": 496,
		"primary_country": "미국",
		"countries": "미국",
		"distributor": "워너브러더스 코리아(주)"
	},
	{
		"rank": 221,
		"title": "라라랜드",
		"release_date": "2016-12-07",
		"revenue": 30009452694.0,
		"audience_count": 3597519,
		"screen_count": 727,
		"primary_country": "미국",
		"countries": "미국",
		"distributor": "판씨네마(주)"
	},
	{
		"rank": 222,
		"title": "귀향",
		"release_date": "2016-02-24",
		"revenue": 27248705990.0,
		"audience_count": 3586929,
		"screen_count": 876,
		"primary_country": "한국",
		"countries": "한국",
		"distributor": "(주)와우픽쳐스"
	},
	{
		"rank": 223,
		"title": "리얼 스틸",
		"release_date": "2011-10-12",
		"revenue": 26566677000.0,
		"audience_count": 3579666,
		"screen_count": 603,
		"primary_country": "미국",
		"countries": "미국",
		"distributor": "한국소니픽쳐스릴리징브에나비스타영화㈜"
	},
	{
		"rank": 224,
		"title": "신의 한 수",
		"release_date": "2014-07-03",
		"revenue": 28810921456.0,
		"audience_count": 3566336,
		"screen_count": 794,
		"primary_country": "한국",
		"countries": "한국",
		"distributor": "(주)쇼박스"
	},
	{
		"rank": 225,
		"title": "미스터 & 미세스 스미스",
		"release_date": "2005-06-16",
		"revenue": 0.0,
		"audience_count": 3546900,
		"screen_count": 103,
		"primary_country": "미국",
		"countries": "미국",
		"distributor": "이십세기폭스필름코퍼레이션"
	},
	{
		"rank": 226,
		"title": "모아나 2",
		"release_date": "2024-11-27",
		"revenue": 32730418870.0,
		"audience_count": 3543311,
		"screen_count": 1985,
		"primary_country": "미국",
		"countries": "미국,캐나다",
		"distributor": "월트디즈니컴퍼니코리아 유한책임회사"
	},
	{
		"rank": 227,
		"title": "웡카",
		"release_date": "2024-01-31",
		"revenue": 33956553189.0,
		"audience_count": 3531468,
		"screen_count": 1753,
		"primary_country": "미국",
		"countries": "미국",
		"distributor": "워너브러더스 코리아(주)"
	},
	{
		"rank": 228,
		"title": "스캔들-조선남녀상열지사",
		"release_date": "2003-10-02",
		"revenue": 0,
		"audience_count": 3522747,
		"screen_count": 76,
		"primary_country": "한국",
		"countries": "한국",
		"distributor": "씨제이엔터테인먼트"
	},
	{
		"rank": 229,
		"title": "코코",
		"release_date": "2018-01-11",
		"revenue": 27723289440.0,
		"audience_count": 3513114,
		"screen_count": 1177,
		"primary_country": "미국",
		"countries": "미국",
		"distributor": "월트디즈니컴퍼니코리아 유한책임회사"
	},
	{
		"rank": 230,
		"title": "매트릭스2 리로디드",
		"release_date": "2003-05-23",
		"revenue": 0.0,
		"audience_count": 3510000,
		"screen_count": 102,
		"primary_country": "미국",
		"countries": "미국",
		"distributor": "워너브러더스 코리아(주)"
	},
	{
		"rank": 231,
		"title": "해리 포터와 불사조 기사단",
		"release_date": "2007-07-11",
		"revenue": 0.0,
		"audience_count": 3475000,
		"screen_count": 204,
		"primary_country": "미국",
		"countries": "미국",
		"distributor": "워너브러더스 코리아(주)"
	},
	{
		"rank": 232,
		"title": "가문의 부활 - 가문의 영광3",
		"release_date": "2006-09-21",
		"revenue": 0.0,
		"audience_count": 3464516,
		"screen_count": 114,
		"primary_country": "한국",
		"countries": "한국",
		"distributor": "(주)쇼박스"
	},
	{
		"rank": 233,
		"title": "부러진 화살",
		"release_date": "2012-01-18",
		"revenue": 25936754000.0,
		"audience_count": 3459780,
		"screen_count": 453,
		"primary_country": "한국",
		"countries": "한국",
		"distributor": "(주)넥스트엔터테인먼트월드(NEW)"
	},
	{
		"rank": 234,
		"title": "끝까지 간다",
		"release_date": "2014-05-29",
		"revenue": 27007303900.0,
		"audience_count": 3450305,
		"screen_count": 645,
		"primary_country": "한국",
		"countries": "한국",
		"distributor": "(주)쇼박스"
	},
	{
		"rank": 235,
		"title": "스파이",
		"release_date": "2013-09-05",
		"revenue": 24509269305.0,
		"audience_count": 3435801,
		"screen_count": 785,
		"primary_country": "한국",
		"countries": "한국,태국",
		"distributor": "(주)씨제이이엔엠"
	},
	{
		"rank": 236,
		"title": "아일랜드",
		"release_date": "2005-07-21",
		"revenue": 0.0,
		"audience_count": 3433900,
		"screen_count": 110,
		"primary_country": "미국",
		"countries": "미국",
		"distributor": "워너브러더스 코리아(주)"
	},
	{
		"rank": 237,
		"title": "비긴 어게인",
		"release_date": "2014-08-13",
		"revenue": 27104244061.0,
		"audience_count": 3428309,
		"screen_count": 213,
		"primary_country": "미국",
		"countries": "미국",
		"distributor": "판씨네마(주)"
	},
	{
		"rank": 238,
		"title": "그것만이 내 세상",
		"release_date": "2018-01-17",
		"revenue": 27444525382.0,
		"audience_count": 3418043,
		"screen_count": 862,
		"primary_country": "한국",
		"countries": "한국",
		"distributor": "(주)씨제이이엔엠"
	},
	{
		"rank": 239,
		"title": "이끼",
		"release_date": "2010-07-14",
		"revenue": 25856306126.0,
		"audience_count": 3408144,
		"screen_count": 736,
		"primary_country": "한국",
		"countries": "한국",
		"distributor": "씨제이엔터테인먼트"
	},
	{
		"rank": 240,
		"title": "토이 스토리 4",
		"release_date": "2019-06-20",
		"revenue": 28757726040.0,
		"audience_count": 3399913,
		"screen_count": 1336,
		"primary_country": "미국",
		"countries": "미국",
		"distributor": "월트디즈니컴퍼니코리아 유한책임회사"
	},
	{
		"rank": 241,
		"title": "어바웃 타임",
		"release_date": "2013-12-05",
		"revenue": 24982533500.0,
		"audience_count": 3392251,
		"screen_count": 568,
		"primary_country": "영국",
		"countries": "영국",
		"distributor": "유니버설픽쳐스인터내셔널 코리아(유)"
	},
	{
		"rank": 242,
		"title": "돈",
		"release_date": "2019-03-20",
		"revenue": 28869614062.0,
		"audience_count": 3389035,
		"screen_count": 1431,
		"primary_country": "한국",
		"countries": "한국",
		"distributor": "(주)쇼박스"
	},
	{
		"rank": 243,
		"title": "포화속으로",
		"release_date": "2010-06-16",
		"revenue": 24217600897.0,
		"audience_count": 3385706,
		"screen_count": 736,
		"primary_country": "한국",
		"countries": "한국",
		"distributor": "롯데쇼핑㈜롯데엔터테인먼트"
	},
	{
		"rank": 244,
		"title": "다이 하드 4 : 죽어도 산다",
		"release_date": "2007-07-17",
		"revenue": 0.0,
		"audience_count": 3380800,
		"screen_count": 136,
		"primary_country": "미국",
		"countries": "미국",
		"distributor": "이십세기폭스필름코퍼레이션"
	},
	{
		"rank": 245,
		"title": "맨 인 블랙 3",
		"release_date": "2012-05-24",
		"revenue": 27301520070.0,
		"audience_count": 3379762,
		"screen_count": 770,
		"primary_country": "미국",
		"countries": "미국",
		"distributor": "한국소니픽쳐스릴리징브에나비스타영화㈜"
	},
	{
		"rank": 246,
		"title": "악인전",
		"release_date": "2019-05-15",
		"revenue": 29130540150.0,
		"audience_count": 3364360,
		"screen_count": 1307,
		"primary_country": "한국",
		"countries": "한국",
		"distributor": "(주)에이스메이커무비웍스,(주)키위미디어그룹"
	},
	{
		"rank": 247,
		"title": "다빈치 코드",
		"release_date": "2006-05-18",
		"revenue": 0.0,
		"audience_count": 3339082,
		"screen_count": 139,
		"primary_country": "미국",
		"countries": "미국",
		"distributor": "소니픽쳐스릴리징코리아"
	},
	{
		"rank": 248,
		"title": "올빼미",
		"release_date": "2022-11-23",
		"revenue": 32860420124.0,
		"audience_count": 3329547,
		"screen_count": 1541,
		"primary_country": "한국",
		"countries": "한국",
		"distributor": "(주)넥스트엔터테인먼트월드(NEW)"
	},
	{
		"rank": 249,
		"title": "슈퍼배드 3",
		"release_date": "2017-07-26",
		"revenue": 24216987019.0,
		"audience_count": 3324861,
		"screen_count": 1057,
		"primary_country": "미국",
		"countries": "미국",
		"distributor": "유니버설픽쳐스인터내셔널 코리아(유)"
	},
	{
		"rank": 250,
		"title": "데드풀",
		"release_date": "2016-02-17",
		"revenue": 27595618651.0,
		"audience_count": 3317196,
		"screen_count": 1036,
		"primary_country": "미국",
		"countries": "미국",
		"distributor": "월트디즈니컴퍼니코리아 유한책임회사,이십세기폭스코리아(주)"
	},
	{
		"rank": 251,
		"title": "시동",
		"release_date": "2019-12-18",
		"revenue": 28098934360.0,
		"audience_count": 3317038,
		"screen_count": 1515,
		"primary_country": "한국",
		"countries": "한국",
		"distributor": "(주)넥스트엔터테인먼트월드(NEW)"
	},
	{
		"rank": 252,
		"title": "슈렉2",
		"release_date": "2004-06-18",
		"revenue": 0.0,
		"audience_count": 3300533,
		"screen_count": 85,
		"primary_country": "미국",
		"countries": "미국",
		"distributor": "씨제이엔터테인먼트"
	},
	{
		"rank": 253,
		"title": "아이 캔 스피크",
		"release_date": "2017-09-21",
		"revenue": 25532214986.0,
		"audience_count": 3280243,
		"screen_count": 1140,
		"primary_country": "한국",
		"countries": "한국",
		"distributor": "롯데쇼핑㈜롯데엔터테인먼트,(주)리틀빅픽쳐스"
	},
	{
		"rank": 254,
		"title": "스타워즈: 깨어난 포스",
		"release_date": "2015-12-17",
		"revenue": 28353796331.0,
		"audience_count": 3273879,
		"screen_count": 940,
		"primary_country": "미국",
		"countries": "미국",
		"distributor": "월트디즈니컴퍼니코리아(주)"
	},
	{
		"rank": 255,
		"title": "영웅",
		"release_date": "2022-12-21",
		"revenue": 32293415750.0,
		"audience_count": 3273771,
		"screen_count": 1314,
		"primary_country": "한국",
		"countries": "한국",
		"distributor": "(주)씨제이이엔엠"
	},
	{
		"rank": 256,
		"title": "올드보이",
		"release_date": "2003-11-21",
		"revenue": 0.0,
		"audience_count": 3269000,
		"screen_count": 45,
		"primary_country": "한국",
		"countries": "한국",
		"distributor": "쇼이스트(주),(주)씨제이이엔엠"
	},
	{
		"rank": 257,
		"title": "분노의 질주: 더 세븐",
		"release_date": "2015-04-01",
		"revenue": 26454098694.0,
		"audience_count": 3247955,
		"screen_count": 983,
		"primary_country": "미국",
		"countries": "미국",
		"distributor": "유니버설픽쳐스인터내셔널 코리아(유)"
	},
	{
		"rank": 258,
		"title": "터미네이터 제니시스",
		"release_date": "2015-07-02",
		"revenue": 26556715129.0,
		"audience_count": 3240370,
		"screen_count": 1113,
		"primary_country": "미국",
		"countries": "미국",
		"distributor": "롯데쇼핑㈜롯데엔터테인먼트"
	},
	{
		"rank": 259,
		"title": "오펜하이머",
		"release_date": "2023-08-15",
		"revenue": 34375467901.0,
		"audience_count": 3232774,
		"screen_count": 1636,
		"primary_country": "미국",
		"countries": "미국",
		"distributor": "유니버설픽쳐스인터내셔널 코리아(유)"
	},
	{
		"rank": 260,
		"title": "그래비티",
		"release_date": "2013-10-17",
		"revenue": 31484135600.0,
		"audience_count": 3227452,
		"screen_count": 636,
		"primary_country": "미국",
		"countries": "미국",
		"distributor": "(주)스튜디오디에이치엘,주식회사 해리슨앤컴퍼니,워너브러더스 코리아(주)"
	},
	{
		"rank": 261,
		"title": "우주전쟁",
		"release_date": "2005-07-07",
		"revenue": 0.0,
		"audience_count": 3223000,
		"screen_count": 123,
		"primary_country": "미국",
		"countries": "미국",
		"distributor": "UIP코리아"
	},
	{
		"rank": 262,
		"title": "마녀",
		"release_date": "2018-06-27",
		"revenue": 27242029463.0,
		"audience_count": 3189091,
		"screen_count": 1117,
		"primary_country": "한국",
		"countries": "한국",
		"distributor": "워너브러더스 코리아(주)"
	},
	{
		"rank": 263,
		"title": "탐정: 리턴즈",
		"release_date": "2018-06-13",
		"revenue": 26909459678.0,
		"audience_count": 3152872,
		"screen_count": 1041,
		"primary_country": "한국",
		"countries": "한국",
		"distributor": "(주)씨제이이엔엠"
	},
	{
		"rank": 264,
		"title": "어린 신부",
		"release_date": "2004-04-02",
		"revenue": 0.0,
		"audience_count": 3149500,
		"screen_count": 50,
		"primary_country": "한국",
		"countries": "한국",
		"distributor": "코리아픽쳐스(주)"
	},
	{
		"rank": 265,
		"title": "오! 브라더스",
		"release_date": "2003-09-04",
		"revenue": 0.0,
		"audience_count": 3148748,
		"screen_count": 51,
		"primary_country": "한국",
		"countries": "한국",
		"distributor": "(주)쇼박스"
	},
	{
		"rank": 266,
		"title": "장화, 홍련",
		"release_date": "2003-06-13",
		"revenue": 0.0,
		"audience_count": 3146217,
		"screen_count": 52,
		"primary_country": "한국",
		"countries": "한국",
		"distributor": "영화사청어람(주)"
	},
	{
		"rank": 267,
		"title": "그놈 목소리",
		"release_date": "2007-02-01",
		"revenue": 0.0,
		"audience_count": 3143247,
		"screen_count": 110,
		"primary_country": "한국",
		"countries": "한국",
		"distributor": "씨제이엔터테인먼트"
	},
	{
		"rank": 268,
		"title": "우리들의 행복한 시간",
		"release_date": "2006-09-14",
		"revenue": 0.0,
		"audience_count": 3132320,
		"screen_count": 118,
		"primary_country": "한국",
		"countries": "한국",
		"distributor": "(주)프라임엔터테인먼트"
	},
	{
		"rank": 269,
		"title": "캐리비안의 해적: 낯선 조류",
		"release_date": "2011-05-19",
		"revenue": 27279967500.0,
		"audience_count": 3130046,
		"screen_count": 960,
		"primary_country": "미국",
		"countries": "미국",
		"distributor": "한국소니픽쳐스릴리징브에나비스타영화㈜"
	},
	{
		"rank": 270,
		"title": "퀵",
		"release_date": "2011-07-20",
		"revenue": 22960890000.0,
		"audience_count": 3125069,
		"screen_count": 512,
		"primary_country": "한국",
		"countries": "한국",
		"distributor": "(주)씨제이이엔엠"
	},
	{
		"rank": 271,
		"title": "감기",
		"release_date": "2013-08-14",
		"revenue": 21784202000.0,
		"audience_count": 3119023,
		"screen_count": 806,
		"primary_country": "한국",
		"countries": "한국",
		"distributor": "아이러브시네마"
	},
	{
		"rank": 272,
		"title": "말죽거리 잔혹사",
		"release_date": "2004-01-16",
		"revenue": 0.0,
		"audience_count": 3115767,
		"screen_count": 67,
		"primary_country": "한국",
		"countries": "한국",
		"distributor": "씨제이엔터테인먼트"
	},
	{
		"rank": 273,
		"title": "광복절 특사",
		"release_date": "2002-11-20",
		"revenue": 0.0,
		"audience_count": 3101900,
		"screen_count": 71,
		"primary_country": "한국",
		"countries": "한국",
		"distributor": "(주)시네마서비스"
	},
	{
		"rank": 274,
		"title": "나우 유 씨 미 2",
		"release_date": "2016-07-13",
		"revenue": 25116690113.0,
		"audience_count": 3100113,
		"screen_count": 1200,
		"primary_country": "미국",
		"countries": "미국",
		"distributor": "롯데쇼핑㈜롯데엔터테인먼트"
	},
	{
		"rank": 275,
		"title": "마파도",
		"release_date": "2005-03-10",
		"revenue": 0.0,
		"audience_count": 3090467,
		"screen_count": 58,
		"primary_country": "한국",
		"countries": "한국",
		"distributor": "씨제이엔터테인먼트"
	},
	{
		"rank": 276,
		"title": "하모니",
		"release_date": "2010-01-28",
		"revenue": 21992266198.0,
		"audience_count": 3068544,
		"screen_count": 405,
		"primary_country": "한국",
		"countries": "한국",
		"distributor": "씨제이엔터테인먼트"
	},
	{
		"rank": 277,
		"title": "거북이 달린다",
		"release_date": "2009-06-11",
		"revenue": 20857347292.0,
		"audience_count": 3059812,
		"screen_count": 379,
		"primary_country": "한국",
		"countries": "한국",
		"distributor": "(주)쇼박스"
	},
	{
		"rank": 278,
		"title": "너는 내 운명",
		"release_date": "2005-09-23",
		"revenue": 0.0,
		"audience_count": 3051134,
		"screen_count": 92,
		"primary_country": "한국",
		"countries": "한국",
		"distributor": "씨제이엔터테인먼트"
	},
	{
		"rank": 279,
		"title": "이터널스",
		"release_date": "2021-11-03",
		"revenue": 31730757450.0,
		"audience_count": 3050415,
		"screen_count": 2648,
		"primary_country": "미국",
		"countries": "미국",
		"distributor": "월트디즈니컴퍼니코리아 유한책임회사"
	},
	{
		"rank": 280,
		"title": "캐리비안의 해적: 죽은 자는 말이 없다",
		"release_date": "2017-05-24",
		"revenue": 24975495122.0,
		"audience_count": 3049894,
		"screen_count": 1357,
		"primary_country": "미국",
		"countries": "미국",
		"distributor": "월트디즈니컴퍼니코리아 유한책임회사"
	},
	{
		"rank": 281,
		"title": "스물",
		"release_date": "2015-03-25",
		"revenue": 23558988686.0,
		"audience_count": 3044134,
		"screen_count": 926,
		"primary_country": "한국",
		"countries": "한국",
		"distributor": "(주)넥스트엔터테인먼트월드(NEW)"
	},
	{
		"rank": 282,
		"title": "토르: 다크 월드",
		"release_date": "2013-10-30",
		"revenue": 22525808500.0,
		"audience_count": 3039889,
		"screen_count": 733,
		"primary_country": "미국",
		"countries": "미국",
		"distributor": "소니픽쳐스릴리징월트디즈니스튜디오스코리아(주)"
	},
	{
		"rank": 283,
		"title": "식객",
		"release_date": "2007-11-01",
		"revenue": 0.0,
		"audience_count": 3038868,
		"screen_count": 88,
		"primary_country": "한국",
		"countries": "한국",
		"distributor": "씨제이엔터테인먼트"
	},
	{
		"rank": 284,
		"title": "방자전",
		"release_date": "2010-06-02",
		"revenue": 22853629794.0,
		"audience_count": 3035116,
		"screen_count": 512,
		"primary_country": "한국",
		"countries": "한국",
		"distributor": "씨제이엔터테인먼트"
	},
	{
		"rank": 285,
		"title": "인크레더블 2",
		"release_date": "2018-07-18",
		"revenue": 24554683588.0,
		"audience_count": 3033052,
		"screen_count": 1605,
		"primary_country": "미국",
		"countries": "미국",
		"distributor": "월트디즈니컴퍼니코리아 유한책임회사"
	},
	{
		"rank": 286,
		"title": "하울의 움직이는 성",
		"release_date": "2004-12-23",
		"revenue": 0.0,
		"audience_count": 3015165,
		"screen_count": 65,
		"primary_country": "일본",
		"countries": "일본",
		"distributor": "(주)이수C&E,(주)시네마서비스"
	},
	{
		"rank": 287,
		"title": "마더",
		"release_date": "2009-05-28",
		"revenue": 20195373838.0,
		"audience_count": 3013523,
		"screen_count": 648,
		"primary_country": "한국",
		"countries": "한국",
		"distributor": "씨제이엔터테인먼트"
	},
	{
		"rank": 288,
		"title": "오싹한 연애",
		"release_date": "2011-12-01",
		"revenue": 22010977000.0,
		"audience_count": 3009356,
		"screen_count": 469,
		"primary_country": "한국",
		"countries": "한국",
		"distributor": "(주)씨제이이엔엠"
	},
	{
		"rank": 289,
		"title": "투모로우",
		"release_date": "2004-06-03",
		"revenue": 0.0,
		"audience_count": 3006400,
		"screen_count": 67,
		"primary_country": "미국",
		"countries": "미국",
		"distributor": "이십세기폭스필름코퍼레이션"
	},
	{
		"rank": 290,
		"title": "레드: 더 레전드",
		"release_date": "2013-07-18",
		"revenue": 21511358970.0,
		"audience_count": 3004647,
		"screen_count": 739,
		"primary_country": "미국",
		"countries": "미국",
		"distributor": "롯데쇼핑㈜롯데엔터테인먼트"
	},
	{
		"rank": 291,
		"title": "해리 포터와 혼혈 왕자",
		"release_date": "2009-07-15",
		"revenue": 20580402431.0,
		"audience_count": 3002669,
		"screen_count": 751,
		"primary_country": "미국",
		"countries": "미국",
		"distributor": "워너브러더스 코리아(주)"
	},
	{
		"rank": 292,
		"title": "드래곤 길들이기 2",
		"release_date": "2014-07-23",
		"revenue": 23979935189.0,
		"audience_count": 3000056,
		"screen_count": 829,
		"primary_country": "미국",
		"countries": "미국",
		"distributor": "(주)씨제이이엔엠"
	},
	{
		"rank": 293,
		"title": "형",
		"release_date": "2016-11-23",
		"revenue": 23129111893.0,
		"audience_count": 2982022,
		"screen_count": 993,
		"primary_country": "한국",
		"countries": "한국",
		"distributor": "(주)씨제이이엔엠"
	},
	{
		"rank": 294,
		"title": "황금 나침반",
		"release_date": "2007-12-18",
		"revenue": 0,
		"audience_count": 2979838,
		"screen_count": 110,
		"primary_country": "미국",
		"countries": "미국",
		"distributor": "롯데쇼핑㈜롯데엔터테인먼트"
	},
	{
		"rank": 295,
		"title": "친구 2",
		"release_date": "2013-11-14",
		"revenue": 21804687513.0,
		"audience_count": 2971475,
		"screen_count": 968,
		"primary_country": "한국",
		"countries": "한국",
		"distributor": "롯데쇼핑㈜롯데엔터테인먼트"
	},
	{
		"rank": 296,
		"title": "26년",
		"release_date": "2012-11-29",
		"revenue": 21241327145.0,
		"audience_count": 2963449,
		"screen_count": 604,
		"primary_country": "한국",
		"countries": "한국",
		"distributor": "(주)인벤트스톤,영화사청어람(주)"
	},
	{
		"rank": 297,
		"title": "워낭소리",
		"release_date": "2009-01-15",
		"revenue": 19259975032.0,
		"audience_count": 2962897,
		"screen_count": 20,
		"primary_country": "한국",
		"countries": "한국",
		"distributor": "㈜인디스토리"
	},
	{
		"rank": 298,
		"title": "블랙 위도우",
		"release_date": "2021-07-07",
		"revenue": 29993657620.0,
		"audience_count": 2961902,
		"screen_count": 2528,
		"primary_country": "미국",
		"countries": "미국",
		"distributor": "월트디즈니컴퍼니코리아 유한책임회사"
	},
	{
		"rank": 299,
		"title": "서치",
		"release_date": "2018-08-29",
		"revenue": 25283364845.0,
		"audience_count": 2949944,
		"screen_count": 816,
		"primary_country": "미국",
		"countries": "미국",
		"distributor": "소니픽쳐스엔터테인먼트코리아주식회사극장배급지점"
	},
	{
		"rank": 300,
		"title": "고지전",
		"release_date": "2011-07-20",
		"revenue": 21968557600.0,
		"audience_count": 2945137,
		"screen_count": 585,
		"primary_country": "한국",
		"countries": "한국",
		"distributor": "(주)쇼박스"
	},
	{
		"rank": 301,
		"title": "엑스맨: 아포칼립스",
		"release_date": "2016-05-25",
		"revenue": 24467887950.0,
		"audience_count": 2938818,
		"screen_count": 1262,
		"primary_country": "미국",
		"countries": "미국",
		"distributor": "이십세기폭스코리아(주)"
	},
	{
		"rank": 302,
		"title": "프리즌",
		"release_date": "2017-03-23",
		"revenue": 23790276987.0,
		"audience_count": 2931897,
		"screen_count": 1047,
		"primary_country": "한국",
		"countries": "한국",
		"distributor": "(주)쇼박스"
	},
	{
		"rank": 303,
		"title": "300",
		"release_date": "2007-03-14",
		"revenue": 0.0,
		"audience_count": 2929400,
		"screen_count": 102,
		"primary_country": "미국",
		"countries": "미국",
		"distributor": "워너브러더스 코리아(주)"
	},
	{
		"rank": 304,
		"title": "가장 보통의 연애",
		"release_date": "2019-10-02",
		"revenue": 24885803430.0,
		"audience_count": 2924563,
		"screen_count": 1073,
		"primary_country": "한국",
		"countries": "한국",
		"distributor": "(주)넥스트엔터테인먼트월드(NEW)"
	},
	{
		"rank": 305,
		"title": "솔트",
		"release_date": "2010-07-29",
		"revenue": 21719123025.0,
		"audience_count": 2921331,
		"screen_count": 556,
		"primary_country": "미국",
		"countries": "미국",
		"distributor": "한국소니픽쳐스릴리징브에나비스타영화㈜"
	},
	{
		"rank": 306,
		"title": "헬로우 고스트",
		"release_date": "2010-12-22",
		"revenue": 21154651779.0,
		"audience_count": 2897477,
		"screen_count": 472,
		"primary_country": "한국",
		"countries": "한국",
		"distributor": "(주)넥스트엔터테인먼트월드(NEW)"
	},
	{
		"rank": 307,
		"title": "귀신이 산다",
		"release_date": "2004-09-17",
		"revenue": 0.0,
		"audience_count": 2890000,
		"screen_count": 70,
		"primary_country": "한국",
		"countries": "한국",
		"distributor": "(주)시네마서비스"
	},
	{
		"rank": 308,
		"title": "원티드",
		"release_date": "2008-06-26",
		"revenue": 19258777000.0,
		"audience_count": 2867594,
		"screen_count": 446,
		"primary_country": "미국",
		"countries": "미국",
		"distributor": "유니버설픽쳐스인터내셔널 코리아(유)"
	},
	{
		"rank": 309,
		"title": "말모이",
		"release_date": "2019-01-09",
		"revenue": 23987145520.0,
		"audience_count": 2866020,
		"screen_count": 1203,
		"primary_country": "한국",
		"countries": "한국",
		"distributor": "롯데컬처웍스(주)롯데엔터테인먼트"
	},
	{
		"rank": 310,
		"title": "극비수사",
		"release_date": "2015-06-18",
		"revenue": 22389535897.0,
		"audience_count": 2860786,
		"screen_count": 894,
		"primary_country": "한국",
		"countries": "한국",
		"distributor": "(주)쇼박스"
	},
	{
		"rank": 311,
		"title": "슈렉3",
		"release_date": "2007-06-06",
		"revenue": 0.0,
		"audience_count": 2844159,
		"screen_count": 120,
		"primary_country": "미국",
		"countries": "미국",
		"distributor": "씨제이엔터테인먼트"
	},
	{
		"rank": 312,
		"title": "표적",
		"release_date": "2014-04-30",
		"revenue": 22256359300.0,
		"audience_count": 2841788,
		"screen_count": 665,
		"primary_country": "한국",
		"countries": "한국",
		"distributor": "(주)씨제이이엔엠"
	},
	{
		"rank": 313,
		"title": "앤트맨",
		"release_date": "2015-09-03",
		"revenue": 23528441937.0,
		"audience_count": 2841699,
		"screen_count": 949,
		"primary_country": "미국",
		"countries": "미국,영국",
		"distributor": "월트디즈니컴퍼니코리아(주)"
	},
	{
		"rank": 314,
		"title": "쥬라기 월드: 도미니언",
		"release_date": "2022-06-01",
		"revenue": 29237071310.0,
		"audience_count": 2837410,
		"screen_count": 2218,
		"primary_country": "미국",
		"countries": "미국",
		"distributor": "유니버설픽쳐스인터내셔널 코리아(유)"
	},
	{
		"rank": 315,
		"title": "호빗: 다섯 군대 전투",
		"release_date": "2014-12-17",
		"revenue": 24268487685.0,
		"audience_count": 2836774,
		"screen_count": 926,
		"primary_country": "미국",
		"countries": "미국,뉴질랜드",
		"distributor": "워너브러더스 코리아(주)"
	},
	{
		"rank": 316,
		"title": "너의 결혼식",
		"release_date": "2018-08-22",
		"revenue": 23676244369.0,
		"audience_count": 2820969,
		"screen_count": 962,
		"primary_country": "한국",
		"countries": "한국",
		"distributor": "플러스엠 엔터테인먼트"
	},
	{
		"rank": 317,
		"title": "호빗: 뜻밖의 여정",
		"release_date": "2012-12-13",
		"revenue": 23436820716.0,
		"audience_count": 2818993,
		"screen_count": 1028,
		"primary_country": "미국",
		"countries": "미국,뉴질랜드",
		"distributor": "워너브러더스 코리아(주)"
	},
	{
		"rank": 318,
		"title": "메이즈 러너",
		"release_date": "2014-09-18",
		"revenue": 21489367677.0,
		"audience_count": 2812427,
		"screen_count": 648,
		"primary_country": "미국",
		"countries": "미국",
		"distributor": "이십세기폭스코리아(주)"
	},
	{
		"rank": 319,
		"title": "해리 포터와 죽음의 성물1",
		"release_date": "2010-12-15",
		"revenue": 19906900266.0,
		"audience_count": 2809053,
		"screen_count": 718,
		"primary_country": "미국",
		"countries": "미국",
		"distributor": "워너브러더스 코리아(주)"
	},
	{
		"rank": 320,
		"title": "마녀(魔女) Part2. The Other One",
		"release_date": "2022-06-15",
		"revenue": 28922488670.0,
		"audience_count": 2806501,
		"screen_count": 1796,
		"primary_country": "한국",
		"countries": "한국",
		"distributor": "(주)넥스트엔터테인먼트월드(NEW)"
	},
	{
		"rank": 321,
		"title": "빅 히어로",
		"release_date": "2015-01-21",
		"revenue": 21993119765.0,
		"audience_count": 2801949,
		"screen_count": 825,
		"primary_country": "미국",
		"countries": "미국",
		"distributor": "월트디즈니컴퍼니코리아(주)"
	},
	{
		"rank": 322,
		"title": "덩케르크",
		"release_date": "2017-07-20",
		"revenue": 24576771848.0,
		"audience_count": 2792705,
		"screen_count": 1252,
		"primary_country": "미국",
		"countries": "미국,영국",
		"distributor": "워너브러더스 코리아(주)"
	},
	{
		"rank": 323,
		"title": "혹성탈출: 진화의 시작",
		"release_date": "2011-08-17",
		"revenue": 20629757000.0,
		"audience_count": 2773794,
		"screen_count": 514,
		"primary_country": "미국",
		"countries": "미국",
		"distributor": "이십세기폭스코리아(주)"
	},
	{
		"rank": 324,
		"title": "황산벌",
		"release_date": "2003-10-17",
		"revenue": 0,
		"audience_count": 2771236,
		"screen_count": 71,
		"primary_country": "한국",
		"countries": "한국",
		"distributor": "(주)씨네월드"
	},
	{
		"rank": 325,
		"title": "부당거래",
		"release_date": "2010-10-28",
		"revenue": 21326977937.0,
		"audience_count": 2766436,
		"screen_count": 502,
		"primary_country": "한국",
		"countries": "한국",
		"distributor": "씨제이엔터테인먼트"
	},
	{
		"rank": 326,
		"title": "1번가의 기적",
		"release_date": "2007-02-14",
		"revenue": 0.0,
		"audience_count": 2750457,
		"screen_count": 80,
		"primary_country": "한국",
		"countries": "한국",
		"distributor": "씨제이엔터테인먼트"
	},
	{
		"rank": 327,
		"title": "메이즈 러너: 스코치 트라이얼",
		"release_date": "2015-09-16",
		"revenue": 21596946349.0,
		"audience_count": 2744413,
		"screen_count": 804,
		"primary_country": "미국",
		"countries": "미국",
		"distributor": "이십세기폭스코리아(주)"
	},
	{
		"rank": 328,
		"title": "가디언즈 오브 갤럭시 VOL. 2",
		"release_date": "2017-05-03",
		"revenue": 23452686686.0,
		"audience_count": 2735721,
		"screen_count": 1218,
		"primary_country": "미국",
		"countries": "미국",
		"distributor": "월트디즈니컴퍼니코리아 유한책임회사"
	},
	{
		"rank": 329,
		"title": "시라노; 연애조작단",
		"release_date": "2010-09-16",
		"revenue": 20171151599.0,
		"audience_count": 2731828,
		"screen_count": 402,
		"primary_country": "한국",
		"countries": "한국",
		"distributor": "롯데쇼핑㈜롯데엔터테인먼트"
	},
	{
		"rank": 330,
		"title": "내가 살인범이다",
		"release_date": "2012-11-08",
		"revenue": 20392346000.0,
		"audience_count": 2729808,
		"screen_count": 547,
		"primary_country": "한국",
		"countries": "한국",
		"distributor": "(주)쇼박스"
	},
	{
		"rank": 331,
		"title": "핸콕",
		"release_date": "2008-07-02",
		"revenue": 17854932333.0,
		"audience_count": 2723518,
		"screen_count": 602,
		"primary_country": "미국",
		"countries": "미국",
		"distributor": "한국소니픽쳐스릴리징브에나비스타영화㈜"
	},
	{
		"rank": 332,
		"title": "나우 유 씨 미 : 마술사기단",
		"release_date": "2013-08-22",
		"revenue": 19146691869.0,
		"audience_count": 2718227,
		"screen_count": 691,
		"primary_country": "미국",
		"countries": "미국",
		"distributor": "롯데쇼핑㈜롯데엔터테인먼트"
	},
	{
		"rank": 333,
		"title": "미스 페레그린과 이상한 아이들의 집",
		"release_date": "2016-09-28",
		"revenue": 21841214586.0,
		"audience_count": 2718158,
		"screen_count": 904,
		"primary_country": "미국",
		"countries": "미국,벨기에,영국",
		"distributor": "이십세기폭스코리아(주)"
	},
	{
		"rank": 334,
		"title": "토르: 러브 앤 썬더",
		"release_date": "2022-07-06",
		"revenue": 29505081721.0,
		"audience_count": 2716306,
		"screen_count": 2143,
		"primary_country": "미국",
		"countries": "미국",
		"distributor": "월트디즈니컴퍼니코리아 유한책임회사"
	},
	{
		"rank": 335,
		"title": "적벽대전 2 : 최후의 결전",
		"release_date": "2009-01-22",
		"revenue": 17910684413.0,
		"audience_count": 2713031,
		"screen_count": 426,
		"primary_country": "중국",
		"countries": "중국",
		"distributor": "(주)쇼박스"
	},
	{
		"rank": 336,
		"title": "소원",
		"release_date": "2013-10-02",
		"revenue": 18529792100.0,
		"audience_count": 2711071,
		"screen_count": 641,
		"primary_country": "한국",
		"countries": "한국",
		"distributor": "롯데쇼핑㈜롯데엔터테인먼트"
	},
	{
		"rank": 337,
		"title": "지.아이.조 : 전쟁의 서막",
		"release_date": "2009-08-06",
		"revenue": 19889126096.0,
		"audience_count": 2706748,
		"screen_count": 446,
		"primary_country": "미국",
		"countries": "미국",
		"distributor": "씨제이엔터테인먼트"
	},
	{
		"rank": 338,
		"title": "타이탄",
		"release_date": "2010-04-01",
		"revenue": 22143097429.0,
		"audience_count": 2685508,
		"screen_count": 694,
		"primary_country": "미국",
		"countries": "미국",
		"distributor": "워너브러더스 코리아(주)"
	},
	{
		"rank": 339,
		"title": "친구",
		"release_date": "2001-03-31",
		"revenue": 0.0,
		"audience_count": 2678846,
		"screen_count": 0,
		"primary_country": "한국",
		"countries": "한국",
		"distributor": 0
	},
	{
		"rank": 340,
		"title": "곤지암",
		"release_date": "2018-03-28",
		"revenue": 21442114144.0,
		"audience_count": 2675559,
		"screen_count": 1124,
		"primary_country": "한국",
		"countries": "한국",
		"distributor": "(주)쇼박스"
	},
	{
		"rank": 341,
		"title": "살인자의 기억법",
		"release_date": "2017-09-06",
		"revenue": 21375287492.0,
		"audience_count": 2658589,
		"screen_count": 1064,
		"primary_country": "한국",
		"countries": "한국",
		"distributor": "(주)쇼박스"
	},
	{
		"rank": 342,
		"title": "브레이킹 던 part2",
		"release_date": "2012-11-15",
		"revenue": 18909583065.0,
		"audience_count": 2654817,
		"screen_count": 665,
		"primary_country": "미국",
		"countries": "미국",
		"distributor": "(주)넥스트엔터테인먼트월드(NEW)"
	},
	{
		"rank": 343,
		"title": "후궁 : 제왕의 첩",
		"release_date": "2012-06-06",
		"revenue": 19330302500.0,
		"audience_count": 2636320,
		"screen_count": 624,
		"primary_country": "한국",
		"countries": "한국",
		"distributor": "롯데쇼핑㈜롯데엔터테인먼트"
	},
	{
		"rank": 344,
		"title": "탐정 : 더 비기닝",
		"release_date": "2015-09-24",
		"revenue": 20463956973.0,
		"audience_count": 2625686,
		"screen_count": 764,
		"primary_country": "한국",
		"countries": "한국",
		"distributor": "(주)씨제이이엔엠"
	},
	{
		"rank": 345,
		"title": "미니언즈",
		"release_date": "2015-07-29",
		"revenue": 18997911278.0,
		"audience_count": 2625572,
		"screen_count": 792,
		"primary_country": "미국",
		"countries": "미국",
		"distributor": "유니버설픽쳐스인터내셔널 코리아(유)"
	},
	{
		"rank": 346,
		"title": "트랜스포머: 최후의 기사",
		"release_date": "2017-06-21",
		"revenue": 21501959228.0,
		"audience_count": 2614601,
		"screen_count": 1739,
		"primary_country": "미국",
		"countries": "미국",
		"distributor": "롯데쇼핑㈜롯데엔터테인먼트"
	},
	{
		"rank": 347,
		"title": "제이슨 본",
		"release_date": "2016-07-27",
		"revenue": 21253434663.0,
		"audience_count": 2611966,
		"screen_count": 827,
		"primary_country": "미국",
		"countries": "미국",
		"distributor": "유니버설픽쳐스인터내셔널 코리아(유)"
	},
	{
		"rank": 348,
		"title": "드래곤 길들이기",
		"release_date": "2010-05-20",
		"revenue": 27471926367.0,
		"audience_count": 2603857,
		"screen_count": 562,
		"primary_country": "미국",
		"countries": "미국",
		"distributor": "유니버설픽쳐스인터내셔널 코리아(유),씨제이엔터테인먼트"
	},
	{
		"rank": 349,
		"title": "지금 만나러 갑니다",
		"release_date": "2018-03-14",
		"revenue": 20800916128.0,
		"audience_count": 2602273,
		"screen_count": 1163,
		"primary_country": "한국",
		"countries": "한국",
		"distributor": "롯데쇼핑㈜롯데엔터테인먼트"
	},
	{
		"rank": 350,
		"title": "도리를 찾아서",
		"release_date": "2016-07-06",
		"revenue": 20703899933.0,
		"audience_count": 2601734,
		"screen_count": 1091,
		"primary_country": "미국",
		"countries": "미국",
		"distributor": "월트디즈니컴퍼니코리아(주)"
	},
	{
		"rank": 351,
		"title": "위험한 상견례",
		"release_date": "2011-03-31",
		"revenue": 19174920500.0,
		"audience_count": 2595625,
		"screen_count": 524,
		"primary_country": "한국",
		"countries": "한국",
		"distributor": "롯데쇼핑㈜롯데엔터테인먼트"
	},
	{
		"rank": 352,
		"title": "아수라",
		"release_date": "2016-09-28",
		"revenue": 20576226662.0,
		"audience_count": 2594028,
		"screen_count": 1278,
		"primary_country": "한국",
		"countries": "한국",
		"distributor": "(주)씨제이이엔엠"
	},
	{
		"rank": 353,
		"title": "보안관",
		"release_date": "2017-05-03",
		"revenue": 20844405409.0,
		"audience_count": 2588617,
		"screen_count": 1091,
		"primary_country": "한국",
		"countries": "한국",
		"distributor": "롯데쇼핑㈜롯데엔터테인먼트"
	},
	{
		"rank": 354,
		"title": "굿모닝 프레지던트",
		"release_date": "2009-10-22",
		"revenue": 18770889320.0,
		"audience_count": 2583294,
		"screen_count": 586,
		"primary_country": "한국",
		"countries": "한국",
		"distributor": "씨제이엔터테인먼트"
	},
	{
		"rank": 355,
		"title": "음란서생",
		"release_date": "2006-02-23",
		"revenue": 0.0,
		"audience_count": 2576022,
		"screen_count": 84,
		"primary_country": "한국",
		"countries": "한국",
		"distributor": "씨제이엔터테인먼트"
	},
	{
		"rank": 356,
		"title": "내 머리 속의 지우개",
		"release_date": "2004-11-05",
		"revenue": 0.0,
		"audience_count": 2565078,
		"screen_count": 68,
		"primary_country": "한국",
		"countries": "한국",
		"distributor": "씨제이엔터테인먼트"
	},
	{
		"rank": 357,
		"title": "기술자들",
		"release_date": "2014-12-24",
		"revenue": 19894297783.0,
		"audience_count": 2564340,
		"screen_count": 641,
		"primary_country": "한국",
		"countries": "한국",
		"distributor": "롯데쇼핑㈜롯데엔터테인먼트"
	},
	{
		"rank": 358,
		"title": "탈주",
		"release_date": "2024-07-03",
		"revenue": 24230164596.0,
		"audience_count": 2560938,
		"screen_count": 1234,
		"primary_country": "한국",
		"countries": "한국",
		"distributor": "플러스엠 엔터테인먼트"
	},
	{
		"rank": 359,
		"title": "퍼시픽 림",
		"release_date": "2013-07-11",
		"revenue": 20477392512.0,
		"audience_count": 2539114,
		"screen_count": 1005,
		"primary_country": "미국",
		"countries": "미국",
		"distributor": "워너브러더스 코리아(주)"
	},
	{
		"rank": 360,
		"title": "정글북",
		"release_date": "2016-06-09",
		"revenue": 21517513134.0,
		"audience_count": 2537419,
		"screen_count": 924,
		"primary_country": "미국",
		"countries": "미국",
		"distributor": "월트디즈니컴퍼니코리아(주)"
	},
	{
		"rank": 361,
		"title": "증인",
		"release_date": "2019-02-13",
		"revenue": 20477262331.0,
		"audience_count": 2534075,
		"screen_count": 1047,
		"primary_country": "한국",
		"countries": "한국",
		"distributor": "롯데컬처웍스(주)롯데엔터테인먼트"
	},
	{
		"rank": 362,
		"title": "엑스맨: 퍼스트 클래스",
		"release_date": "2011-06-02",
		"revenue": 19075363000.0,
		"audience_count": 2533852,
		"screen_count": 587,
		"primary_country": "미국",
		"countries": "미국",
		"distributor": "이십세기폭스코리아(주)"
	},
	{
		"rank": 363,
		"title": "내 생애 가장 아름다운 일주일",
		"release_date": "2005-10-07",
		"revenue": 0.0,
		"audience_count": 2533103,
		"screen_count": 105,
		"primary_country": "한국",
		"countries": "한국",
		"distributor": "씨제이엔터테인먼트"
	},
	{
		"rank": 364,
		"title": "해리포터와 아즈카반의 죄수",
		"release_date": "2004-07-16",
		"revenue": 0.0,
		"audience_count": 2532000,
		"screen_count": 91,
		"primary_country": "미국",
		"countries": "미국",
		"distributor": "워너브러더스 코리아(주)"
	},
	{
		"rank": 365,
		"title": "목격자",
		"release_date": "2018-08-15",
		"revenue": 21733771597.0,
		"audience_count": 2524333,
		"screen_count": 1021,
		"primary_country": "한국",
		"countries": "한국",
		"distributor": "(주)넥스트엔터테인먼트월드(NEW)"
	},
	{
		"rank": 366,
		"title": "패션 오브 크라이스트",
		"release_date": "2004-04-02",
		"revenue": 0.0,
		"audience_count": 2523700,
		"screen_count": 56,
		"primary_country": "미국",
		"countries": "미국",
		"distributor": "길갈,(주)라이크콘텐츠,(주)이수C&E,이십세기폭스필름코퍼레이션"
	},
	{
		"rank": 367,
		"title": "마이펫의 이중생활",
		"release_date": "2016-08-03",
		"revenue": 19405636655.0,
		"audience_count": 2520510,
		"screen_count": 726,
		"primary_country": "미국",
		"countries": "미국",
		"distributor": "유니버설픽쳐스인터내셔널 코리아(유)"
	},
	{
		"rank": 368,
		"title": "조작된 도시",
		"release_date": "2017-02-09",
		"revenue": 20138295587.0,
		"audience_count": 2514943,
		"screen_count": 1019,
		"primary_country": "한국",
		"countries": "한국",
		"distributor": "(주)씨제이이엔엠"
	},
	{
		"rank": 369,
		"title": "공동경비구역 JSA",
		"release_date": "2000-09-08",
		"revenue": 0.0,
		"audience_count": 2513540,
		"screen_count": 0,
		"primary_country": "한국",
		"countries": "한국",
		"distributor": "씨제이엔터테인먼트"
	},
	{
		"rank": 370,
		"title": "나니아 연대기-사자,마녀 그리고 옷장",
		"release_date": "2005-12-29",
		"revenue": 0.0,
		"audience_count": 2505133,
		"screen_count": 80,
		"primary_country": "미국",
		"countries": "미국",
		"distributor": "브에나비스타인터내셔널코리아"
	},
	{
		"rank": 371,
		"title": "터미네이터 3",
		"release_date": "2003-07-25",
		"revenue": 0.0,
		"audience_count": 2491354,
		"screen_count": 88,
		"primary_country": "미국",
		"countries": "미국",
		"distributor": "(주)시네마서비스"
	},
	{
		"rank": 372,
		"title": "블랙머니",
		"release_date": "2019-11-13",
		"revenue": 20866634010.0,
		"audience_count": 2479664,
		"screen_count": 1117,
		"primary_country": "한국",
		"countries": "한국",
		"distributor": "(주)에이스메이커무비웍스"
	},
	{
		"rank": 373,
		"title": "우리 형",
		"release_date": "2004-10-08",
		"revenue": 0.0,
		"audience_count": 2479585,
		"screen_count": 77,
		"primary_country": "한국",
		"countries": "한국",
		"distributor": "씨제이엔터테인먼트"
	},
	{
		"rank": 374,
		"title": "반창꼬",
		"release_date": "2012-12-19",
		"revenue": 17911274787.0,
		"audience_count": 2475797,
		"screen_count": 466,
		"primary_country": "한국",
		"countries": "한국",
		"distributor": "(주)넥스트엔터테인먼트월드(NEW)"
	},
	{
		"rank": 375,
		"title": "박수칠 때 떠나라",
		"release_date": "2005-08-11",
		"revenue": 0.0,
		"audience_count": 2475291,
		"screen_count": 78,
		"primary_country": "한국",
		"countries": "한국",
		"distributor": "(주)시네마서비스"
	},
	{
		"rank": 376,
		"title": "선생 김봉두",
		"release_date": "2003-03-28",
		"revenue": 0.0,
		"audience_count": 2472135,
		"screen_count": 60,
		"primary_country": "한국",
		"countries": "한국",
		"distributor": "(주)시네마서비스"
	},
	{
		"rank": 377,
		"title": "보스 베이비",
		"release_date": "2017-05-03",
		"revenue": 18934037704.0,
		"audience_count": 2451919,
		"screen_count": 1116,
		"primary_country": "미국",
		"countries": "미국",
		"distributor": "(주)씨제이이엔엠"
	},
	{
		"rank": 378,
		"title": "조선명탐정: 흡혈괴마의 비밀",
		"release_date": "2018-02-08",
		"revenue": 19822724764.0,
		"audience_count": 2444123,
		"screen_count": 1249,
		"primary_country": "한국",
		"countries": "한국",
		"distributor": "(주)쇼박스"
	},
	{
		"rank": 379,
		"title": "화차",
		"release_date": "2012-03-08",
		"revenue": 18459203000.0,
		"audience_count": 2436400,
		"screen_count": 548,
		"primary_country": "한국",
		"countries": "한국",
		"distributor": "필라멘트픽쳐스"
	},
	{
		"rank": 380,
		"title": "이웃사람",
		"release_date": "2012-08-22",
		"revenue": 18087442369.0,
		"audience_count": 2434099,
		"screen_count": 600,
		"primary_country": "한국",
		"countries": "한국",
		"distributor": "롯데쇼핑㈜롯데엔터테인먼트"
	},
	{
		"rank": 381,
		"title": "광식이 동생 광태",
		"release_date": "2005-11-23",
		"revenue": 0.0,
		"audience_count": 2430200,
		"screen_count": 83,
		"primary_country": "한국",
		"countries": "한국",
		"distributor": "(주)엠케이픽처스"
	},
	{
		"rank": 382,
		"title": "재심",
		"release_date": "2017-02-15",
		"revenue": 19264792637.0,
		"audience_count": 2421011,
		"screen_count": 935,
		"primary_country": "한국",
		"countries": "한국",
		"distributor": "오퍼스픽쳐스(유),CGV아트하우스"
	},
	{
		"rank": 383,
		"title": "신비한 동물들과 그린델왈드의 범죄",
		"release_date": "2018-11-14",
		"revenue": 20816583118.0,
		"audience_count": 2414062,
		"screen_count": 1601,
		"primary_country": "미국",
		"countries": "미국",
		"distributor": "워너브러더스 코리아(주)"
	},
	{
		"rank": 384,
		"title": "터미네이터: 다크 페이트",
		"release_date": "2019-10-30",
		"revenue": 20167141830.0,
		"audience_count": 2410227,
		"screen_count": 1315,
		"primary_country": "미국",
		"countries": "미국",
		"distributor": "월트디즈니컴퍼니코리아 유한책임회사"
	},
	{
		"rank": 385,
		"title": "히트맨",
		"release_date": "2020-01-22",
		"revenue": 20614278000.0,
		"audience_count": 2406232,
		"screen_count": 1122,
		"primary_country": "한국",
		"countries": "한국",
		"distributor": "롯데컬처웍스(주)롯데엔터테인먼트"
	},
	{
		"rank": 386,
		"title": "사바하",
		"release_date": "2019-02-20",
		"revenue": 20007508194.0,
		"audience_count": 2398519,
		"screen_count": 1174,
		"primary_country": "한국",
		"countries": "한국",
		"distributor": "(주)씨제이이엔엠"
	},
	{
		"rank": 387,
		"title": "화이: 괴물을 삼킨 아이",
		"release_date": "2013-10-09",
		"revenue": 17695516795.0,
		"audience_count": 2394466,
		"screen_count": 817,
		"primary_country": "한국",
		"countries": "한국",
		"distributor": "(주)쇼박스"
	},
	{
		"rank": 388,
		"title": "슈퍼 마리오 브라더스",
		"release_date": "2023-04-26",
		"revenue": 23548177482.0,
		"audience_count": 2394076,
		"screen_count": 1526,
		"primary_country": "미국",
		"countries": "미국",
		"distributor": "유니버설픽쳐스인터내셔널 코리아(유)"
	},
	{
		"rank": 389,
		"title": "의뢰인",
		"release_date": "2011-09-29",
		"revenue": 17797042500.0,
		"audience_count": 2393086,
		"screen_count": 522,
		"primary_country": "한국",
		"countries": "한국",
		"distributor": "(주)쇼박스"
	},
	{
		"rank": 390,
		"title": "테이큰",
		"release_date": "2008-04-09",
		"revenue": 15971389000.0,
		"audience_count": 2379830,
		"screen_count": 254,
		"primary_country": "프랑스",
		"countries": "프랑스",
		"distributor": "㈜스튜디오이쩜영"
	},
	{
		"rank": 391,
		"title": "007 스카이폴",
		"release_date": "2012-10-26",
		"revenue": 17487213000.0,
		"audience_count": 2376145,
		"screen_count": 748,
		"primary_country": "미국",
		"countries": "미국,영국",
		"distributor": "소니픽쳐스릴리징월트디즈니스튜디오스코리아(주)"
	},
	{
		"rank": 392,
		"title": "가문의 영광4 - 가문의 수난",
		"release_date": "2011-09-07",
		"revenue": 17792219500.0,
		"audience_count": 2368267,
		"screen_count": 537,
		"primary_country": "한국",
		"countries": "한국",
		"distributor": "(주)넥스트엔터테인먼트월드(NEW)"
	},
	{
		"rank": 393,
		"title": "스파이더맨 2",
		"release_date": "2004-06-30",
		"revenue": 0.0,
		"audience_count": 2367704,
		"screen_count": 72,
		"primary_country": "미국",
		"countries": "미국",
		"distributor": "한국소니픽쳐스릴리징브에나비스타영화㈜"
	},
	{
		"rank": 394,
		"title": "블라인드",
		"release_date": "2011-08-10",
		"revenue": 18387176500.0,
		"audience_count": 2367272,
		"screen_count": 404,
		"primary_country": "한국",
		"countries": "한국",
		"distributor": "(주)넥스트엔터테인먼트월드(NEW)"
	},
	{
		"rank": 395,
		"title": "박열",
		"release_date": "2017-06-28",
		"revenue": 18093543795.0,
		"audience_count": 2359174,
		"screen_count": 1176,
		"primary_country": "한국",
		"countries": "한국",
		"distributor": "플러스엠 엔터테인먼트"
	},
	{
		"rank": 396,
		"title": "맨발의 기봉이",
		"release_date": "2006-04-26",
		"revenue": 0.0,
		"audience_count": 2347311,
		"screen_count": 71,
		"primary_country": "한국",
		"countries": "한국",
		"distributor": "(주)쇼박스"
	},
	{
		"rank": 397,
		"title": "바람의 파이터",
		"release_date": "2004-08-12",
		"revenue": 0.0,
		"audience_count": 2346446,
		"screen_count": 41,
		"primary_country": "한국",
		"countries": "한국",
		"distributor": "영화사청어람(주)"
	},
	{
		"rank": 398,
		"title": "작업의 정석",
		"release_date": "2005-12-21",
		"revenue": 0.0,
		"audience_count": 2342232,
		"screen_count": 75,
		"primary_country": "한국",
		"countries": "한국",
		"distributor": "(주)쇼박스"
	},
	{
		"rank": 399,
		"title": "첫사랑 사수 궐기 대회",
		"release_date": "2003-06-27",
		"revenue": 0.0,
		"audience_count": 2339410,
		"screen_count": 70,
		"primary_country": "한국",
		"countries": "한국",
		"distributor": "(주)시네마서비스"
	},
	{
		"rank": 400,
		"title": "미인도",
		"release_date": "2008-11-13",
		"revenue": 15531621371.0,
		"audience_count": 2325715,
		"screen_count": 463,
		"primary_country": "한국",
		"countries": "한국",
		"distributor": "씨제이엔터테인먼트"
	},
	{
		"rank": 401,
		"title": "스파이",
		"release_date": "2015-05-21",
		"revenue": 18417637358.0,
		"audience_count": 2318748,
		"screen_count": 665,
		"primary_country": "미국",
		"countries": "미국",
		"distributor": "이십세기폭스코리아(주)"
	},
	{
		"rank": 402,
		"title": "라스트 갓파더",
		"release_date": "2010-12-29",
		"revenue": 16832542997.0,
		"audience_count": 2316099,
		"screen_count": 547,
		"primary_country": "한국",
		"countries": "한국,미국",
		"distributor": "씨제이엔터테인먼트"
	},
	{
		"rank": 403,
		"title": "모아나",
		"release_date": "2017-01-12",
		"revenue": 18055062307.0,
		"audience_count": 2310054,
		"screen_count": 953,
		"primary_country": "미국",
		"countries": "미국",
		"distributor": "월트디즈니컴퍼니코리아 유한책임회사"
	},
	{
		"rank": 404,
		"title": "주유소 습격사건",
		"release_date": "1999-10-02",
		"revenue": 0.0,
		"audience_count": 2310000,
		"screen_count": 0,
		"primary_country": "한국",
		"countries": "한국",
		"distributor": "(주)시네마서비스"
	},
	{
		"rank": 405,
		"title": "테이큰 2",
		"release_date": "2012-09-27",
		"revenue": 17581098553.0,
		"audience_count": 2308596,
		"screen_count": 682,
		"primary_country": "프랑스",
		"countries": "프랑스",
		"distributor": "이십세기폭스코리아(주)"
	},
	{
		"rank": 406,
		"title": "하녀",
		"release_date": "2010-05-13",
		"revenue": 17310669976.0,
		"audience_count": 2304487,
		"screen_count": 577,
		"primary_country": "한국",
		"countries": "한국",
		"distributor": "(주)싸이더스"
	},
	{
		"rank": 407,
		"title": "메이즈 러너: 데스 큐어",
		"release_date": "2018-01-17",
		"revenue": 18902873104.0,
		"audience_count": 2299732,
		"screen_count": 1090,
		"primary_country": "미국",
		"countries": "미국",
		"distributor": "이십세기폭스코리아(주)"
	},
	{
		"rank": 408,
		"title": "맘마미아!2",
		"release_date": "2018-08-08",
		"revenue": 19607280003.0,
		"audience_count": 2293836,
		"screen_count": 750,
		"primary_country": "미국",
		"countries": "미국",
		"distributor": "유니버설픽쳐스인터내셔널 코리아(유)"
	},
	{
		"rank": 409,
		"title": "분노의 질주: 더 얼티메이트",
		"release_date": "2021-05-19",
		"revenue": 22059658060.0,
		"audience_count": 2292415,
		"screen_count": 2297,
		"primary_country": "미국",
		"countries": "미국",
		"distributor": "유니버설픽쳐스인터내셔널 코리아(유)"
	},
	{
		"rank": 410,
		"title": "달콤, 살벌한 연인",
		"release_date": "2006-04-06",
		"revenue": 0.0,
		"audience_count": 2286745,
		"screen_count": 60,
		"primary_country": "한국",
		"countries": "한국",
		"distributor": "씨제이엔터테인먼트"
	},
	{
		"rank": 411,
		"title": "호빗: 스마우그의 폐허",
		"release_date": "2013-12-12",
		"revenue": 17850613316.0,
		"audience_count": 2282744,
		"screen_count": 811,
		"primary_country": "미국",
		"countries": "미국,뉴질랜드",
		"distributor": "워너브러더스 코리아(주)"
	},
	{
		"rank": 412,
		"title": "나잇&데이",
		"release_date": "2010-06-24",
		"revenue": 17054262425.0,
		"audience_count": 2282191,
		"screen_count": 501,
		"primary_country": "미국",
		"countries": "미국",
		"distributor": "이십세기폭스코리아(주)"
	},
	{
		"rank": 413,
		"title": "혈의 누",
		"release_date": "2005-05-04",
		"revenue": 0.0,
		"audience_count": 2274995,
		"screen_count": 98,
		"primary_country": "한국",
		"countries": "한국",
		"distributor": "(주)시네마서비스"
	},
	{
		"rank": 414,
		"title": "미니언즈2",
		"release_date": "2022-07-20",
		"revenue": 21999556172.0,
		"audience_count": 2269024,
		"screen_count": 1394,
		"primary_country": "미국",
		"countries": "미국",
		"distributor": "유니버설픽쳐스인터내셔널 코리아(유)"
	},
	{
		"rank": 415,
		"title": "컨저링",
		"release_date": "2013-09-17",
		"revenue": 16353225777.0,
		"audience_count": 2262758,
		"screen_count": 553,
		"primary_country": "미국",
		"countries": "미국",
		"distributor": "워너브러더스 코리아(주)"
	},
	{
		"rank": 416,
		"title": "슈렉 포에버",
		"release_date": "2010-07-01",
		"revenue": 23178925617.0,
		"audience_count": 2261356,
		"screen_count": 561,
		"primary_country": "미국",
		"countries": "미국",
		"distributor": "씨제이엔터테인먼트"
	},
	{
		"rank": 417,
		"title": "극락도 살인사건",
		"release_date": "2007-04-12",
		"revenue": 0.0,
		"audience_count": 2259511,
		"screen_count": 85,
		"primary_country": "한국",
		"countries": "한국",
		"distributor": "(주)엠케이픽처스 ,(주)두엔터테인먼트"
	},
	{
		"rank": 418,
		"title": "이글 아이",
		"release_date": "2008-10-09",
		"revenue": 14577167667.0,
		"audience_count": 2258369,
		"screen_count": 330,
		"primary_country": "미국",
		"countries": "미국",
		"distributor": "씨제이엔터테인먼트"
	},
	{
		"rank": 419,
		"title": "배트맨 대 슈퍼맨: 저스티스의 시작",
		"release_date": "2016-03-24",
		"revenue": 18906246428.0,
		"audience_count": 2256913,
		"screen_count": 1709,
		"primary_country": "미국",
		"countries": "미국",
		"distributor": "워너브러더스 코리아(주)"
	},
	{
		"rank": 420,
		"title": "레디 플레이어 원",
		"release_date": "2018-03-28",
		"revenue": 19933108071.0,
		"audience_count": 2254430,
		"screen_count": 1079,
		"primary_country": "미국",
		"countries": "미국",
		"distributor": "워너브러더스 코리아(주)"
	},
	{
		"rank": 421,
		"title": "위대한 유산",
		"release_date": "2003-10-24",
		"revenue": 0.0,
		"audience_count": 2251491,
		"screen_count": 57,
		"primary_country": "한국",
		"countries": "한국",
		"distributor": "씨제이엔터테인먼트"
	},
	{
		"rank": 422,
		"title": "7광구",
		"release_date": "2011-08-04",
		"revenue": 19391653500.0,
		"audience_count": 2242510,
		"screen_count": 812,
		"primary_country": "한국",
		"countries": "한국",
		"distributor": "(주)씨제이이엔엠"
	},
	{
		"rank": 423,
		"title": "배틀쉽",
		"release_date": "2012-04-11",
		"revenue": 16545921500.0,
		"audience_count": 2241687,
		"screen_count": 736,
		"primary_country": "미국",
		"countries": "미국",
		"distributor": "유니버설픽쳐스인터내셔널 코리아(유)"
	},
	{
		"rank": 424,
		"title": "매트릭스3 레볼루션",
		"release_date": "2003-11-05",
		"revenue": 0.0,
		"audience_count": 2240000,
		"screen_count": 112,
		"primary_country": "미국",
		"countries": "미국",
		"distributor": "워너브러더스 코리아(주)"
	},
	{
		"rank": 425,
		"title": "셜록홈즈 : 그림자 게임",
		"release_date": "2011-12-21",
		"revenue": 16670913500.0,
		"audience_count": 2239156,
		"screen_count": 370,
		"primary_country": "미국",
		"countries": "미국",
		"distributor": "워너브러더스 코리아(주)"
	},
	{
		"rank": 426,
		"title": "박쥐",
		"release_date": "2009-04-30",
		"revenue": 15051788827.0,
		"audience_count": 2237271,
		"screen_count": 462,
		"primary_country": "한국",
		"countries": "한국,미국,호주",
		"distributor": "씨제이엔터테인먼트"
	},
	{
		"rank": 427,
		"title": "타짜: 원 아이드 잭",
		"release_date": "2019-09-11",
		"revenue": 19687029214.0,
		"audience_count": 2229239,
		"screen_count": 1429,
		"primary_country": "한국",
		"countries": "한국",
		"distributor": "롯데컬처웍스(주)롯데엔터테인먼트"
	},
	{
		"rank": 428,
		"title": "위키드",
		"release_date": "2024-11-20",
		"revenue": 21999085610.0,
		"audience_count": 2227782,
		"screen_count": 1803,
		"primary_country": "미국",
		"countries": "미국",
		"distributor": "유니버설픽쳐스인터내셔널 코리아(유)"
	},
	{
		"rank": 429,
		"title": "어거스트 러쉬",
		"release_date": "2007-11-29",
		"revenue": 0,
		"audience_count": 2218573,
		"screen_count": 68,
		"primary_country": "미국",
		"countries": "미국",
		"distributor": "(주)영화사 그램,씨제이엔터테인먼트,워너브러더스 코리아(주)"
	},
	{
		"rank": 430,
		"title": "나는 전설이다",
		"release_date": "2007-12-12",
		"revenue": 0,
		"audience_count": 2215883,
		"screen_count": 127,
		"primary_country": "미국",
		"countries": "미국",
		"distributor": "워너브러더스 코리아(주)"
	},
	{
		"rank": 431,
		"title": "포세이돈",
		"release_date": "2006-05-31",
		"revenue": 0.0,
		"audience_count": 2214600,
		"screen_count": 89,
		"primary_country": "미국",
		"countries": "미국",
		"distributor": "워너브러더스 코리아(주)"
	},
	{
		"rank": 432,
		"title": "셜록 홈즈",
		"release_date": "2009-12-23",
		"revenue": 16207513113.0,
		"audience_count": 2207751,
		"screen_count": 377,
		"primary_country": "미국",
		"countries": "미국,영국",
		"distributor": "워너브러더스 코리아(주)"
	},
	{
		"rank": 433,
		"title": "싱글즈",
		"release_date": "2003-07-11",
		"revenue": 0,
		"audience_count": 2203042,
		"screen_count": 58,
		"primary_country": "한국",
		"countries": "한국",
		"distributor": "영화사청어람(주)"
	},
	{
		"rank": 434,
		"title": "마당을 나온 암탉",
		"release_date": "2011-07-28",
		"revenue": 14669905500.0,
		"audience_count": 2201722,
		"screen_count": 345,
		"primary_country": "한국",
		"countries": "한국",
		"distributor": "메가박스중앙(주),롯데쇼핑㈜롯데엔터테인먼트"
	},
	{
		"rank": 435,
		"title": "007 퀀텀 오브 솔러스",
		"release_date": "2008-11-05",
		"revenue": 14366688333.0,
		"audience_count": 2201300,
		"screen_count": 518,
		"primary_country": "미국",
		"countries": "미국",
		"distributor": "한국소니픽쳐스릴리징브에나비스타영화㈜"
	},
	{
		"rank": 436,
		"title": "내 여자친구를 소개합니다",
		"release_date": "2004-06-03",
		"revenue": 0.0,
		"audience_count": 2199359,
		"screen_count": 75,
		"primary_country": "한국",
		"countries": "한국",
		"distributor": "씨제이엔터테인먼트,아이러브시네마"
	},
	{
		"rank": 437,
		"title": "댄서의 순정",
		"release_date": "2005-04-28",
		"revenue": 0.0,
		"audience_count": 2197555,
		"screen_count": 68,
		"primary_country": "한국",
		"countries": "한국",
		"distributor": "쇼이스트(주)"
	},
	{
		"rank": 438,
		"title": "싱크홀",
		"release_date": "2021-08-11",
		"revenue": 21395652690.0,
		"audience_count": 2195683,
		"screen_count": 1603,
		"primary_country": "한국",
		"countries": "한국",
		"distributor": "(주)쇼박스"
	},
	{
		"rank": 439,
		"title": "악의 연대기",
		"release_date": "2015-05-14",
		"revenue": 17361815332.0,
		"audience_count": 2192525,
		"screen_count": 776,
		"primary_country": "한국",
		"countries": "한국",
		"distributor": "(주)씨제이이엔엠"
	},
	{
		"rank": 440,
		"title": "강남 1970",
		"release_date": "2015-01-21",
		"revenue": 17717971499.0,
		"audience_count": 2192172,
		"screen_count": 841,
		"primary_country": "한국",
		"countries": "한국",
		"distributor": "(주)쇼박스"
	},
	{
		"rank": 441,
		"title": "바르게 살자",
		"release_date": "2007-10-18",
		"revenue": 0.0,
		"audience_count": 2190250,
		"screen_count": 79,
		"primary_country": "한국",
		"countries": "한국",
		"distributor": "씨제이엔터테인먼트"
	},
	{
		"rank": 442,
		"title": "늑대의 유혹",
		"release_date": "2004-07-22",
		"revenue": 0.0,
		"audience_count": 2189453,
		"screen_count": 40,
		"primary_country": "한국",
		"countries": "한국",
		"distributor": "(주)쇼박스"
	},
	{
		"rank": 443,
		"title": "이상한 나라의 앨리스",
		"release_date": "2010-03-04",
		"revenue": 20661000236.0,
		"audience_count": 2182365,
		"screen_count": 401,
		"primary_country": "미국",
		"countries": "미국",
		"distributor": "한국소니픽쳐스릴리징브에나비스타영화㈜"
	},
	{
		"rank": 444,
		"title": "맨 오브 스틸",
		"release_date": "2013-06-13",
		"revenue": 17092964063.0,
		"audience_count": 2182227,
		"screen_count": 998,
		"primary_country": "미국",
		"countries": "미국",
		"distributor": "워너브러더스 코리아(주)"
	},
	{
		"rank": 445,
		"title": "로건",
		"release_date": "2017-03-01",
		"revenue": 18391060223.0,
		"audience_count": 2169109,
		"screen_count": 954,
		"primary_country": "미국",
		"countries": "미국",
		"distributor": "월트디즈니컴퍼니코리아 유한책임회사,이십세기폭스코리아(주)"
	},
	{
		"rank": 446,
		"title": "황해",
		"release_date": "2010-12-22",
		"revenue": 16765970362.0,
		"audience_count": 2167426,
		"screen_count": 618,
		"primary_country": "한국",
		"countries": "한국,미국,중국",
		"distributor": "(주)쇼박스,이십세기폭스코리아(주)"
	},
	{
		"rank": 447,
		"title": "원더 우먼",
		"release_date": "2017-05-31",
		"revenue": 17468588886.0,
		"audience_count": 2165401,
		"screen_count": 1034,
		"primary_country": "미국",
		"countries": "미국",
		"distributor": "워너브러더스 코리아(주)"
	},
	{
		"rank": 448,
		"title": "30일",
		"release_date": "2023-10-03",
		"revenue": 21256881514.0,
		"audience_count": 2165358,
		"screen_count": 1226,
		"primary_country": "한국",
		"countries": "한국",
		"distributor": "(주)마인드마크"
	},
	{
		"rank": 449,
		"title": "초능력자",
		"release_date": "2010-11-10",
		"revenue": 15618440958.0,
		"audience_count": 2164805,
		"screen_count": 622,
		"primary_country": "한국",
		"countries": "한국",
		"distributor": "(주)넥스트엔터테인먼트월드(NEW)"
	},
	{
		"rank": 450,
		"title": "내 사랑 내 곁에",
		"release_date": "2009-09-24",
		"revenue": 15764312409.0,
		"audience_count": 2160265,
		"screen_count": 474,
		"primary_country": "한국",
		"countries": "한국",
		"distributor": "씨제이엔터테인먼트"
	},
	{
		"rank": 451,
		"title": "신의 한 수: 귀수편",
		"release_date": "2019-11-07",
		"revenue": 18463776050.0,
		"audience_count": 2157437,
		"screen_count": 1246,
		"primary_country": "한국",
		"countries": "한국",
		"distributor": "(주)씨제이이엔엠"
	},
	{
		"rank": 452,
		"title": "극장판 귀멸의 칼날: 무한열차편",
		"release_date": "2021-01-27",
		"revenue": 20656041700.0,
		"audience_count": 2151861,
		"screen_count": 380,
		"primary_country": "일본",
		"countries": "일본",
		"distributor": "워터홀컴퍼니(주)"
	},
	{
		"rank": 453,
		"title": "마이 웨이",
		"release_date": "2011-12-21",
		"revenue": 15994803000.0,
		"audience_count": 2142622,
		"screen_count": 645,
		"primary_country": "한국",
		"countries": "한국,일본,중국",
		"distributor": "에스케이플래닛(주),(주)씨제이이엔엠"
	},
	{
		"rank": 454,
		"title": "나의 사랑 나의 신부",
		"release_date": "2014-10-08",
		"revenue": 16636404305.0,
		"audience_count": 2141155,
		"screen_count": 629,
		"primary_country": "한국",
		"countries": "한국",
		"distributor": "씨네그루(주)다우기술"
	},
	{
		"rank": 455,
		"title": "겟 아웃",
		"release_date": "2017-05-17",
		"revenue": 17431570075.0,
		"audience_count": 2138146,
		"screen_count": 945,
		"primary_country": "미국",
		"countries": "미국",
		"distributor": "유니버설픽쳐스인터내셔널 코리아(유)"
	},
	{
		"rank": 456,
		"title": "범죄의 재구성",
		"release_date": "2004-04-15",
		"revenue": 0.0,
		"audience_count": 2129358,
		"screen_count": 50,
		"primary_country": "한국",
		"countries": "한국",
		"distributor": "(주)쇼박스"
	},
	{
		"rank": 457,
		"title": "사랑",
		"release_date": "2007-09-19",
		"revenue": 0.0,
		"audience_count": 2123815,
		"screen_count": 78,
		"primary_country": "한국",
		"countries": "한국",
		"distributor": "롯데쇼핑㈜롯데엔터테인먼트"
	},
	{
		"rank": 458,
		"title": "베놈 2: 렛 데어 비 카니지",
		"release_date": "2021-10-13",
		"revenue": 21116442890.0,
		"audience_count": 2123652,
		"screen_count": 1998,
		"primary_country": "미국",
		"countries": "미국",
		"distributor": "소니픽쳐스엔터테인먼트코리아주식회사극장배급지점"
	},
	{
		"rank": 459,
		"title": "세븐 데이즈",
		"release_date": "2007-11-14",
		"revenue": 38146000.0,
		"audience_count": 2120741,
		"screen_count": 297,
		"primary_country": "한국",
		"countries": "한국",
		"distributor": "(주)프라임엔터테인먼트"
	},
	{
		"rank": 460,
		"title": "굿바이 싱글",
		"release_date": "2016-06-29",
		"revenue": 16912706195.0,
		"audience_count": 2108273,
		"screen_count": 841,
		"primary_country": "한국",
		"countries": "한국",
		"distributor": "(주)쇼박스"
	},
	{
		"rank": 461,
		"title": "블랙 팬서: 와칸다 포에버",
		"release_date": "2022-11-09",
		"revenue": 22204965504.0,
		"audience_count": 2105831,
		"screen_count": 2571,
		"primary_country": "미국",
		"countries": "미국",
		"distributor": "월트디즈니컴퍼니코리아 유한책임회사"
	},
	{
		"rank": 462,
		"title": "이클립스",
		"release_date": "2010-07-07",
		"revenue": 15192541723.0,
		"audience_count": 2105050,
		"screen_count": 535,
		"primary_country": "미국",
		"countries": "미국",
		"distributor": "(주)넥스트엔터테인먼트월드(NEW)"
	},
	{
		"rank": 463,
		"title": "사생결단",
		"release_date": "2006-04-27",
		"revenue": 0.0,
		"audience_count": 2104716,
		"screen_count": 78,
		"primary_country": "한국",
		"countries": "한국",
		"distributor": "(주)씨제이이엔엠"
	},
	{
		"rank": 464,
		"title": "엑스맨 : 최후의 전쟁",
		"release_date": "2006-06-15",
		"revenue": 0.0,
		"audience_count": 2096180,
		"screen_count": 112,
		"primary_country": "미국",
		"countries": "미국",
		"distributor": "이십세기폭스코리아(주)"
	},
	{
		"rank": 465,
		"title": "몽타주",
		"release_date": "2013-05-16",
		"revenue": 15002458500.0,
		"audience_count": 2095592,
		"screen_count": 540,
		"primary_country": "한국",
		"countries": "한국",
		"distributor": "(주)넥스트엔터테인먼트월드(NEW)"
	},
	{
		"rank": 466,
		"title": "색즉시공 시즌2",
		"release_date": "2007-12-12",
		"revenue": 511288500.0,
		"audience_count": 2088134,
		"screen_count": 89,
		"primary_country": "한국",
		"countries": "한국",
		"distributor": "씨제이엔터테인먼트"
	},
	{
		"rank": 467,
		"title": "명당",
		"release_date": "2018-09-19",
		"revenue": 17900775524.0,
		"audience_count": 2087474,
		"screen_count": 1117,
		"primary_country": "한국",
		"countries": "한국",
		"distributor": "플러스엠 엔터테인먼트"
	},
	{
		"rank": 468,
		"title": "논스톱",
		"release_date": "2014-02-27",
		"revenue": 16066174940.0,
		"audience_count": 2084457,
		"screen_count": 582,
		"primary_country": "미국",
		"countries": "미국,프랑스",
		"distributor": "(주)넥스트엔터테인먼트월드(NEW)"
	},
	{
		"rank": 469,
		"title": "내부자들: 디 오리지널",
		"release_date": "2015-12-31",
		"revenue": 16973885275.0,
		"audience_count": 2083999,
		"screen_count": 838,
		"primary_country": "한국",
		"countries": "한국",
		"distributor": "(주)쇼박스"
	},
	{
		"rank": 470,
		"title": "쩨쩨한 로맨스",
		"release_date": "2010-12-01",
		"revenue": 15901620661.0,
		"audience_count": 2080574,
		"screen_count": 463,
		"primary_country": "한국",
		"countries": "한국",
		"distributor": "롯데쇼핑㈜롯데엔터테인먼트"
	},
	{
		"rank": 471,
		"title": "장화신은 고양이",
		"release_date": "2012-01-12",
		"revenue": 17601188500.0,
		"audience_count": 2080154,
		"screen_count": 593,
		"primary_country": "미국",
		"countries": "미국",
		"distributor": "(주)씨제이이엔엠"
	},
	{
		"rank": 472,
		"title": "인투 더 스톰",
		"release_date": "2014-08-28",
		"revenue": 16155930332.0,
		"audience_count": 2078492,
		"screen_count": 585,
		"primary_country": "미국",
		"countries": "미국",
		"distributor": "워너브러더스 코리아(주)"
	},
	{
		"rank": 473,
		"title": "청춘만화",
		"release_date": "2006-03-23",
		"revenue": 0.0,
		"audience_count": 2066354,
		"screen_count": 86,
		"primary_country": "한국",
		"countries": "한국",
		"distributor": "(주)쇼박스"
	},
	{
		"rank": 474,
		"title": "눈에는 눈 이에는 이",
		"release_date": "2008-07-31",
		"revenue": 13414023500.0,
		"audience_count": 2058764,
		"screen_count": 445,
		"primary_country": "한국",
		"countries": "한국",
		"distributor": "롯데쇼핑㈜롯데엔터테인먼트"
	},
	{
		"rank": 475,
		"title": "비상선언",
		"release_date": "2022-08-03",
		"revenue": 20926361328.0,
		"audience_count": 2058762,
		"screen_count": 1734,
		"primary_country": "한국",
		"countries": "한국",
		"distributor": "(주)쇼박스"
	},
	{
		"rank": 476,
		"title": "뷰티 인사이드",
		"release_date": "2015-08-20",
		"revenue": 16155795131.0,
		"audience_count": 2054297,
		"screen_count": 648,
		"primary_country": "한국",
		"countries": "한국",
		"distributor": "(주)넥스트엔터테인먼트월드(NEW)"
	},
	{
		"rank": 477,
		"title": "본 얼티메이텀",
		"release_date": "2007-09-12",
		"revenue": 0.0,
		"audience_count": 2052800,
		"screen_count": 69,
		"primary_country": "미국",
		"countries": "미국",
		"distributor": "유니버설픽쳐스인터내셔널 코리아(유)"
	},
	{
		"rank": 478,
		"title": "혹성탈출: 종의 전쟁",
		"release_date": "2017-08-15",
		"revenue": 16854482778.0,
		"audience_count": 2051315,
		"screen_count": 1017,
		"primary_country": "미국",
		"countries": "미국",
		"distributor": "이십세기폭스코리아(주)"
	},
	{
		"rank": 479,
		"title": "봉이 김선달",
		"release_date": "2016-07-06",
		"revenue": 16227052642.0,
		"audience_count": 2051277,
		"screen_count": 942,
		"primary_country": "한국",
		"countries": "한국",
		"distributor": "(주)씨제이이엔엠"
	},
	{
		"rank": 480,
		"title": "아라한 장풍대작전",
		"release_date": "2004-04-30",
		"revenue": 0.0,
		"audience_count": 2050000,
		"screen_count": 87,
		"primary_country": "한국",
		"countries": "한국",
		"distributor": "(주)시네마서비스"
	},
	{
		"rank": 481,
		"title": "소울",
		"release_date": "2021-01-20",
		"revenue": 19034164180.0,
		"audience_count": 2048137,
		"screen_count": 2018,
		"primary_country": "미국",
		"countries": "미국",
		"distributor": "월트디즈니컴퍼니코리아 유한책임회사"
	},
	{
		"rank": 482,
		"title": "비열한 거리",
		"release_date": "2006-06-15",
		"revenue": 0.0,
		"audience_count": 2047808,
		"screen_count": 82,
		"primary_country": "한국",
		"countries": "한국",
		"distributor": "씨제이엔터테인먼트"
	},
	{
		"rank": 483,
		"title": "노아",
		"release_date": "2014-03-20",
		"revenue": 15514083500.0,
		"audience_count": 2026574,
		"screen_count": 952,
		"primary_country": "미국",
		"countries": "미국",
		"distributor": "(주)씨제이이엔엠"
	},
	{
		"rank": 484,
		"title": "듄: 파트2",
		"release_date": "2024-02-28",
		"revenue": 23639319949.0,
		"audience_count": 2016202,
		"screen_count": 1544,
		"primary_country": "미국",
		"countries": "미국",
		"distributor": "워너브러더스 코리아(주)"
	},
	{
		"rank": 485,
		"title": "그대들은 어떻게 살 것인가",
		"release_date": "2023-10-25",
		"revenue": 19608939412.0,
		"audience_count": 2015965,
		"screen_count": 1733,
		"primary_country": "일본",
		"countries": "일본",
		"distributor": "메가박스중앙(주)"
	},
	{
		"rank": 486,
		"title": "캐리비안의 해적 : 블랙펄의 저주",
		"release_date": "2003-09-05",
		"revenue": 0.0,
		"audience_count": 2010460,
		"screen_count": 57,
		"primary_country": "미국",
		"countries": "미국",
		"distributor": "월트디즈니코리아㈜"
	},
	{
		"rank": 487,
		"title": "레버넌트: 죽음에서 돌아온 자",
		"release_date": "2016-01-14",
		"revenue": 16111255130.0,
		"audience_count": 2007657,
		"screen_count": 967,
		"primary_country": "미국",
		"countries": "미국",
		"distributor": "이십세기폭스코리아(주)"
	},
	{
		"rank": 488,
		"title": "오페라의 유령",
		"release_date": "2004-12-08",
		"revenue": 0.0,
		"audience_count": 2006880,
		"screen_count": 71,
		"primary_country": "미국",
		"countries": "미국",
		"distributor": "(주)팝엔터테인먼트,(주)드림팩트엔터테인먼트,씨제이엔터테인먼트"
	},
	{
		"rank": 489,
		"title": "테이큰 3",
		"release_date": "2015-01-01",
		"revenue": 16102014000.0,
		"audience_count": 2006561,
		"screen_count": 616,
		"primary_country": "미국",
		"countries": "미국",
		"distributor": "이십세기폭스코리아(주)"
	},
	{
		"rank": 490,
		"title": "페르시아의 왕자: 시간의 모래",
		"release_date": "2010-05-27",
		"revenue": 14717552534.0,
		"audience_count": 2003533,
		"screen_count": 570,
		"primary_country": "미국",
		"countries": "미국",
		"distributor": "한국소니픽쳐스릴리징브에나비스타영화㈜"
	},
	{
		"rank": 491,
		"title": "박물관이 살아있다 2",
		"release_date": "2009-06-04",
		"revenue": 12591000149.0,
		"audience_count": 2002526,
		"screen_count": 569,
		"primary_country": "미국",
		"countries": "미국",
		"distributor": "이십세기폭스코리아(주)"
	},
	{
		"rank": 492,
		"title": "에이리언: 로물루스",
		"release_date": "2024-08-14",
		"revenue": 20443955430.0,
		"audience_count": 2002033,
		"screen_count": 1436,
		"primary_country": "미국",
		"countries": "미국",
		"distributor": "월트디즈니컴퍼니코리아 유한책임회사"
	},
	{
		"rank": 493,
		"title": "천문: 하늘에 묻는다",
		"release_date": "2019-12-26",
		"revenue": 16502543020.0,
		"audience_count": 2000490,
		"screen_count": 1198,
		"primary_country": "한국",
		"countries": "한국",
		"distributor": "롯데컬처웍스(주)롯데엔터테인먼트"
	},
	{
		"rank": 494,
		"title": "테넷",
		"release_date": "2020-08-26",
		"revenue": 18464298170.0,
		"audience_count": 1998987,
		"screen_count": 2228,
		"primary_country": "미국",
		"countries": "미국",
		"distributor": "워너브러더스 코리아(주)"
	},
	{
		"rank": 495,
		"title": "시실리 2km",
		"release_date": "2004-08-13",
		"revenue": 0.0,
		"audience_count": 1987380,
		"screen_count": 36,
		"primary_country": "한국",
		"countries": "한국",
		"distributor": "(주)쇼박스"
	},
	{
		"rank": 496,
		"title": "크루엘라",
		"release_date": "2021-05-26",
		"revenue": 19252879640.0,
		"audience_count": 1983397,
		"screen_count": 1184,
		"primary_country": "미국",
		"countries": "미국",
		"distributor": "월트디즈니컴퍼니코리아 유한책임회사"
	},
	{
		"rank": 497,
		"title": "육사오(6/45)",
		"release_date": "2022-08-24",
		"revenue": 19791166880.0,
		"audience_count": 1980769,
		"screen_count": 1159,
		"primary_country": "한국",
		"countries": "한국",
		"distributor": "(주)홈초이스,(주)싸이더스"
	},
	{
		"rank": 498,
		"title": "남자가 사랑할 때",
		"release_date": "2014-01-22",
		"revenue": 14510222300.0,
		"audience_count": 1979311,
		"screen_count": 531,
		"primary_country": "한국",
		"countries": "한국",
		"distributor": "(주)넥스트엔터테인먼트월드(NEW)"
	},
	{
		"rank": 499,
		"title": "데드풀과 울버린",
		"release_date": "2024-07-24",
		"revenue": 20489875630.0,
		"audience_count": 1977010,
		"screen_count": 1948,
		"primary_country": "미국",
		"countries": "미국",
		"distributor": "월트디즈니컴퍼니코리아 유한책임회사"
	},
	{
		"rank": 500,
		"title": "루시",
		"release_date": "2014-09-03",
		"revenue": 16468076039.0,
		"audience_count": 1974893,
		"screen_count": 641,
		"primary_country": "미국",
		"countries": "미국,프랑스",
		"distributor": "유니버설픽쳐스인터내셔널 코리아(유)"
	}
]